2959 4850
423 270 484 340 Aa
504 268 792 339 NICEPHORUM
811 268 1006 345 PHOCAM.
1180 262 1258 339 867

166 433 226 495 tini
236 430 426 514 imperatoria
438 431 499 491 huo
513 449 662 508 veneram,
682 450 746 491 non
756 430 932 512 Episcopus,
951 430 1004 491 aed
1017 428 1181 511 Diaconum
1203 455 1261 497 nec
1280 439 1372 499 00ss

169 538 206 597 ab
221 537 410 617 Imperatore,
433 544 485 595 aut
500 536 593 613 Rege,
614 533 668 593 aad
681 556 698 593 a
710 533 887 612 Berengario
901 531 1072 594 Marchione
1083 534 1207 613 missua,
1229 548 1260 599 et

167 640 264 701 multo
285 638 374 719 plura
396 658 431 697 ac
451 636 625 718 pretiosiora
639 636 731 717 pallia
745 636 818 697 emi:
841 656 915 717 quae
929 656 1026 717 nequa
1041 646 1181 715 scrutata,
1202 660 1260 701 neo

168 763 186 800 a
201 741 319 800 Graecis
333 740 415 813 viso,
435 758 491 798 nec
506 738 629 819 plumbo
644 747 715 799 sunt
730 738 855 818 signato.
895 738 999 817 Nunc,
1018 737 1080 797 Deo
1092 738 1260 820 miserante,

166 842 348 923 Episcopus,
371 851 401 903 et
417 840 611 919 aMsgnificis
624 841 854 922 imperatoribus
866 841 995 917 0ttona,
1017 849 1048 901 et
1060 841 1188 918 Ottono,
1202 864 1260 924 pa-

165 954 223 1022 tre,
245 955 275 1004 et
286 945 349 1005 filio
365 946 486 1021 missus,
507 953 591 1005 tanto
603 942 801 1021 inhonestior,
822 953 857 1005 ut
869 942 1081 1005 veneticorum
1096 964 1180 1005 mora
1193 946 1260 1026 pal-
1299 1008 1303 1015 ,

166 1047 207 1107 lia
223 1069 288 1107 mea
300 1058 461 1124 notentur,
484 1055 514 1106 et
533 1064 608 1127 quaa
627 1047 780 1126 quantivis
800 1046 889 1127 pretii
900 1046 1068 1141 videntur,
1076 1049 1262 1125 auferantur,

167 1170 236 1209 cum
250 1150 283 1209 in
296 1149 445 1211 Ecclesiae
460 1148 535 1209 mihi
552 1149 721 1209 commissae
736 1168 810 1208 usus
825 1149 971 1210 serantur.
1012 1148 1080 1208 Non
1093 1150 1192 1211 taedet
1202 1170 1259 1211 vos

167 1250 580 1330 contumeliarummearum,
602 1252 690 1312 immo
716 1252 905 1313 dominorum
922 1270 1072 1328 maorunr,
1096 1251 1129 1311 in
1151 1251 1259 1331 quibua

168 1355 362 1415 contemnor?
392 1353 559 1435 quodsum
589 1354 740 1415 custodiae
765 1354 910 1429 traditus,
936 1354 1018 1435 quod
1046 1355 1122 1414 fama
1149 1355 1259 1434 sitique

166 1454 332 1532 cruciatus,
356 1458 439 1537 quod
460 1477 523 1517 non
546 1456 584 1516 ad
601 1457 682 1537 ipsos
703 1456 832 1517 redirem
849 1455 1002 1536 hucusque
1025 1465 1177 1534 retentus,
1197 1457 1258 1518 nisi

166 1556 315 1617 etiamad
343 1559 495 1619 cumulum
521 1558 673 1620 dedecoris
700 1580 801 1621 eoram
825 1556 958 1639 propriis
987 1558 1122 1640 expolier
1143 1557 1258 1618 rebus‘t

165 1660 278 1719 auferte
294 1661 416 1740 saltem,
439 1662 609 1745 (quaesunt
624 1673 736 1745 empta,
760 1655 920 1740 dimittite)
940 1679 1015 1738 quae
1034 1669 1106 1721 sunt
1120 1660 1200 1721 dono
1221 1658 1258 1721 rb

165 1759 268 1818 amicis
283 1760 401 1826 donata.
442 1766 673 1841 Constantinus,
694 1764 853 1843 inquiunt,
874 1762 1048 1843 imperator,
1068 1762 1257 1840 homolenis,

164 1860 197 1920 in
211 1864 321 1942 palatio
338 1886 459 1926 manens
477 1878 639 1949 perpetuo,
659 1864 833 1927 huiusmodi
846 1864 934 1925 rebus
953 1865 1061 1925 amicas
1083 1865 1140 1926 sibi
1155 1864 1285 1925 natio-B

164 1983 216 2024 nes
227 1965 378 2029 effecerat:
398 1969 586 2050 Nicephorus
597 1990 669 2033 vcro
678 1969 819 2045 Basileus,
829 1966 920 2028 homo
933 1964 1078 2050 ταχύχειρ,
1091 1967 1125 2028 id
1137 1978 1189 2028 est·
1197 1968 1258 2028 mi-

162 2060 244 2128 litiae
259 2069 392 2148 deditus,
416 2074 581 2153 palatium,
603 2093 657 2133 ceu
671 2082 787 2153 pestem
804 2068 962 2147 abhorret,
984 2078 1014 2130 et
1026 2080 1156 2132 vocatur
1169 2092 1188 2131 ι
1203 2092 1259 2131 no-

162 2167 209 2229 bis
229 2192 324 2253 prope
342 2172 649 2252 simultatiaamrtor,
670 2186 760 2257 atqua
780 2182 1021 2252 argumentosas,
1043 2174 1095 2253 qai
1109 2195 1173 2235 non
1187 2193 1261 2255 pre·

162 2271 206 2331 tio
225 2273 281 2333 sibi
299 2262 540 2356 gentes'amicas,
562 2280 614 2339 sed
635 2287 750 2341 terrore
771 2286 802 2337 et
822 2276 920 2355 gladio
941 2276 998 2336 sibi
1015 2277 1150 2339 subditas
1175 2277 1258 2340 ucis

160 2371 261 2454 Atque
274 2385 309 2437 at
324 2398 503 2460 cognoscas,
524 2383 631 2462 quanti
649 2380 784 2443 dominos
800 2388 869 2440 taos
886 2380 979 2460 Reges
990 2378 1166 2459 habeamus,
1182 2397 1259 2462 quaa

154 2465 232 2538 'dats
252 2487 324 2538 suut
347 2484 457 2544 coloris
471 2483 662 2560 huiusmodi,
683 2494 713 2546 et
734 2503 811 2565 quae
826 2491 939 2564 empta,
960 2483 1009 2544 via
1030 2483 1132 2544 eadem
1147 2483 1186 2542 ad
1201 2501 1257 2542 nos

98 2627 103 2640 ,
161 2590 359 2644 ravanentur.
399 2585 454 2647 His
476 2588 581 2667 dictis,
610 2599 700 2670 atqua
725 2585 881 2668 completis
901 2580 1136 2668 spooodoaitsou,
1162 2585 1196 2645 id
1212 2592 1286 2647 estc

163 2687 321 2768 epistolam
335 2711 409 2754 uuro
430 2691 571 2772 scriptam
594 2701 623 2753 at
644 2692 790 2770 signatam
802 2687 878 2749 mihi
892 2688 1053 2766 dederunt,
1074 2686 1161 2749 vobio
1176 2687 1257 2748 defa-

162 2791 303 2865 rendam,
325 2795 455 2856 sednon
468 2793 554 2855 robis
570 2795 706 2874 dignam,
728 2803 766 2854 ut
782 2813 866 2852 mens
885 2789 981 2852 credit
996 2811 1070 2852 mea.
1112 2791 1259 2853 Talarunt

163 2903 263 2954 autom
284 2905 313 2956 et
327 2897 398 2958 alias
423 2897 524 2958 literas
547 2908 667 2976 argento
691 2898 834 2976 signatas,
856 2903 945 2973 atqua
965 2894 1124 2956 dixerant:
1144 2894 1257 2975 Papam

161 3006 298 3058 vestrum
318 2999 487 3082 imperiales
505 2999 639 3082 recipere
660 3001 762 3060 literas
783 2998 940 3076 indignum
964 3017 1027 3058 asse
1047 2997 1255 3058 diiudicamus.

162 3098 255 3160 Mittit
278 3112 374 3163 autern
400 3105 447 3164 illi
470 3104 656 3184 Coroplotea,
680 3101 871 3182 Imperatoris
895 3101 1002 3177 frater,
1023 3121 1087 3162 non
1105 3121 1160 3182 par
1184 3119 1255 3160 auos

161 3221 306 3282 pauperes
322 3207 467 3284 nuncios,
489 3205 542 3266 sed
555 3225 610 3287 per
623 3214 652 3264 te
666 3204 821 3285 epistolam
836 3223 868 3264 sa
888 3205 958 3264 satis
970 3198 1105 3283 dignam,
1125 3212 1177 3282 ut,
1195 3203 1257 3264 nisi

161 3285 328 3384 resipuerit,
342 3308 476 3369 funditus
489 3326 520 3369 se
533 3307 655 3388 periisse
669 3307 850 3388 cognoverit.
878 3306 966 3366 Hanc
982 3325 1051 3366 cnm
1065 3299 1257 3387 accepissem,

161 3405 228 3474 vale
241 3406 316 3466 mihi
332 3409 477 3485 dicantm,
498 3408 693 3484 dimiserunt,
716 3409 819 3470 oscula
833 3403 1008 3490 praebentes
1027 3411 1099 3470 satis
1112 3409 1258 3483 iucunda,

161 3509 231 3574 satis
250 3509 396 3572 amabilia.
435 3511 494 3572 Sed
519 3512 590 3572 dum
614 3511 800 3590 recederem,
821 3511 1000 3590 legationem
1018 3511 1094 3570 mihi
1113 3532 1178 3572 nan
1199 3530 1258 3593 ma,

159 3610 213 3669 aed
230 3611 291 3670 iliis
310 3612 381 3672 satis
398 3613 532 3692 dirigunt
546 3614 680 3694 dignam,
702 3615 819 3675 scilicet
838 3613 921 3694 quod
937 3611 1014 3673 milri
1027 3614 1102 3693 soli,
1121 3613 1286 3693 meisqaeD

159 3731 250 3792 equos
268 3715 384 3778 dmcut.
427 3715 557 3776 Sarcinis
577 3718 714 3779 nullum:
736 3717 840 3796 sicque
863 3716 970 3794 nimis,
990 3726 1028 3788 art
1049 3737 1097 3778 rea
1114 3716 1259 3798 poscebat

158 3814 306 3889 turbatas,
318 3810 477 3905 dsoosdorp,
492 3817 525 3880 id
535 3828 580 3886 ast
589 3819 712 3881 ductori
719 3840 795 3897 meo,
812 3818 1026 3899 quinquaginta
1040 3837 1198 3882 aureorum
1208 3836 1259 3878 rea

157 3917 257 3996 pretio
277 3917 355 3980 dedi.
403 3919 528 3982 Etcum
549 3943 612 3989 non
631 3921 788 4000 haberem,
808 3921 888 4001 quod
908 3943 965 4002 pro
987 3922 1151 3984 malefactis
1168 3921 1258 3984 Nice·

158 4015 257 4098 piroro
273 4026 348 4091 tunc
361 4021 532 4100 redderem,
554 4021 610 4084 hos
622 4023 658 4084 in
676 4025 791 4106 pariata
808 4024 925 4088 invisas
941 4024 1048 4087 domas
1068 4045 1152 4088 meaa
1167 4032 1199 4088 st
1217 4021 1255 4082 in

157 4137 258 4182 mensa
274 4121 373 4202 lignea
385 4123 550 4186 versiculos
564 4125 686 4208 scripsi:
