2959 4850
216 296 290 372 sos
552 304 590 374 σ.
609 306 644 375 s.
665 302 782 373 lusu
803 303 956 403 uorsa

215 464 378 544 composita
392 484 430 527 ex
447 484 521 527 voce
539 459 662 547 χαλιιδς,
683 482 834 545 novaque
855 463 987 526 eiusdem
1006 461 1131 542 originis
1149 462 1202 526 vel
1216 481 1307 527 voces

188 544 196 555 “
212 551 262 611 vel
275 551 481 629 auctoritates,
502 551 607 631 quibus
622 551 771 611 Glossaria
782 548 962 631 locupletari
976 558 1094 629 queant.

185 635 209 689 0
291 634 368 697 Ibid.
387 636 440 700 lin.
464 644 493 704 6.
516 634 557 711 νίς
576 628 621 717 μή
636 660 665 697 ιι
686 629 853 717 dedecoros
872 630 949 718 πρὸς
969 638 1030 697 τῶν
1044 632 1189 697 ἐναντίων
1201 629 1307 711 adroic

214 718 372 806 ναιτνθῇ]
396 715 527 785 Kenaios
541 720 604 781 sive
617 714 751 799 ιιαιτιίω,
772 740 859 800 sensu
869 720 996 799 figurato
1010 719 1184 795 machinor,
1208 732 1307 799 εινιιο,

215 806 386 883 frequenter
401 808 532 867 occurrit
553 806 633 887 apud
648 808 750 867 Patres
772 806 883 865 saeculi
897 804 1094 865 Theodosiani
1109 815 1140 863 et
1154 805 1302 887 deinceps.

215 884 386 958 Καπύονσι
403 894 432 954 S.
449 890 633 972 Epiphanius
651 892 801 953 Adversus
819 891 932 955 haeres.
949 891 970 948 Ι.
987 896 1017 957 2.
1033 892 1067 952 C.
1087 888 1305 969 Anonymuain

215 974 320 1035 Psalm.
338 974 360 1036 Ι.
376 978 427 1043 88·
449 977 485 1036 A.
499 972 664 1040 serrium
685 979 712 1040 S.
731 975 913 1057 Epiphanius
935 976 1086 1035 Adversus
1103 974 1216 1035 haeres.
1233 977 1305 1042 651.

218 1060 249 1119 C.
265 1054 439 1135 ναιειίονιες
454 1061 601 1142 Anonym.
621 1062 653 1119 in
669 1062 776 1141 Paahq.
794 1063 820 1124 1.
837 1066 909 1127 761.
927 1062 960 1121 C.
978 1055 1166 1123 ιιαιινόντων
1187 1062 1216 1122 S.
1235 1059 1308 1141 Epi-

215 1142 345 1225 phanius
362 1146 511 1207 Adversus
531 1146 640 1209 haeres.
654 1152 726 1213 222.
748 1148 783 1210 Ι).
803 1145 923 1207 desisto
947 1145 993 1205 bis
1010 1146 1106 1207 utitur
1129 1148 1161 1207 S.
1177 1145 1308 1226 Epipha-

215 1229 301 1305 nius,
331 1228 408 1291 lbid.
419 1237 502 1329 529.
522 1230 556 1291 ll.
577 1232 699 1313 βίβλους
719 1226 881 1305 ιιαιιιίσας·
912 1240 943 1290 et
963 1232 1034 1297 267.
1059 1232 1092 1291 C.
1114 1226 1308 1292 νασιιίσανια.

215 1314 371 1375 Praesente
384 1316 495 1393 passivi
511 1318 539 1380 S.
553 1314 756 1376 Theodoretus
772 1316 865 1397 Epist.
883 1336 942 1375 crx.
961 1316 1009 1379 ΙΙΙ.
1027 1321 1098 1382 977.
1119 1316 1152 1374 Ι).
1165 1312 1241 1378 acroi
1253 1320 1309 1393 τῆς

215 1391 415 1480 αίιιοστολικῆς
430 1396 612 1483 iatralipten
632 1403 766 1475 πίστεως.
808 1402 984 1481 imperfecto
999 1402 1029 1461 S.
1046 1398 1229 1480 Epiphanius
1243 1400 1309 1459 ld-

214 1500 320 1543 eeraus
339 1482 450 1547 haeres.
466 1492 537 1553 722.
551 1486 585 1545 Β.
599 1482 753 1550 lucerino
769 1485 837 1568 περί
854 1486 886 1566 [l.
899 1482 992 1569 rcapti]
1012 1490 1073 1548 τῶν
1086 1480 1195 1549 rosires
1209 1492 1309 1567 μαθη-

215 1570 278 1629 roiv
302 1564 510 1651 riseritis
533 1566 682 1649 σνσκενῆν
700 1574 756 1652 τῆς
774 1570 937 1651 ἐκκλησίας.
981 1572 1113 1630 Perfecto
1135 1570 1308 1630 Theodotus

214 1650 346 1712 Institut.
369 1653 510 1716 Oriental.
534 1660 606 1723 806.
630 1656 662 1720 G.
688 1655 896 1738 ιιεκαιτνμίνα.
949 1656 1118 1737 Composito
1140 1650 1309 1720 Ιπιιιαπιίω

214 1734 279 1816 ipse
292 1737 351 1796 Leo
366 1738 444 1798 inira
460 1740 511 1807 62.
525 1740 558 1799 C.

299 1820 378 1884 ibid.
398 1824 452 1886 lio.
474 1829 523 1890 10.
544 1823 596 1888 καί
614 1821 792 1907 παρέπεται]
812 1824 912 1886 hialim
929 1823 1120 1907 respirassem.
1163 1824 1240 1888 Vide
1259 1834 1310 1885 ta·

214 1908 439 1969 menzwnium
454 1908 643 1989 navigerum
659 1908 855 1973 uersuum.
875 1912 945 1978 195.
962 1892 1009 1975 c?

300 1992 377 2053 Ibid.
394 1994 449 2051 lin.
467 1998 516 2062 12.
536 1999 591 2076 τῆς
609 1994 771 2076 δεδομένης
787 1990 952 2077 εὐετηρίας]
967 1996 1002 2055 ln
1018 1997 1127 2058 Codice
1141 1994 1238 2055 literis
1251 2016 1267 2055 ε
1278 2002 1312 2054 et

180 2085 235 2155 Dq
252 2086 355 2136 contra
372 2078 566 2159 etymologiae
580 2080 726 2141 rationem
746 2080 920 2161 permutatis
942 2082 1033 2141 modo
1052 2077 1184 2159 ειίειερία
1203 2100 1311 2139 exara·

214 2168 296 2237 tum,
318 2170 353 2221 ut
374 2162 452 2223 infra
475 2168 524 2230 20.
540 2166 573 2225 Β.
595 2166 684 2226 ιιισδο
709 2159 864 2249 εδητερία,
885 2176 921 2225 ut
935 2164 987 2227 hic
1005 2176 1035 2227 et
1056 2168 1108 2235 40.
1128 2168 1161 2227 C.
1197 2164 1311 2224 Eodem

215 2245 325 2324 modo,
354 2240 504 2330 ειίηιερία,
524 2248 558 2309 in
585 2250 680 2313 codd.
710 2252 813 2311 multis
835 2251 966 2330 antiquis
989 2252 1136 2331 seriptum
1154 2249 1236 2327 vidi,
1257 2250 1311 2308 ubi

216 2348 300 2388 nunc
319 2330 462 2393 editiones
483 2327 631 2416 εὐετηρία·
659 2336 745 2397 Philo
766 2344 810 2395 De
830 2335 996 2396 Abrahamo
1016 2339 1087 2405 284.
1109 2336 1144 2396 F.
1173 2334 1215 2393 De
1237 2354 1310 2393 con-

214 2433 317 2491 gressu
338 2418 521 2496 quaerendae
547 2420 721 2482 eruditionis
747 2420 841 2500 gratia
864 2425 935 2488 35¹.
958 2423 993 2482 A.
1022 2419 1165 2500 Iosephus
1184 2418 1307 2498 Antiqq.

214 2498 265 2563 44.
283 2499 316 2564 Δ.
339 2503 522 2564 Ptolemaeus
538 2507 698 2566 Tetrabibl.
720 2509 770 2572 80.
789 2506 824 2566 l.
846 2507 942 2586 Locus
957 2508 994 2567 de
1008 2507 1200 2567 instabilitate
1212 2506 1310 2564 forta·

216 2599 287 2661 nae,
310 2605 395 2664 quem
409 2589 465 2648 Leo
482 2591 630 2670 respexit,
652 2601 695 2651 est
710 2591 741 2649 in
755 2593 784 2654 S.
799 2591 859 2650 Nili
876 2592 967 2672 Epist.
985 2613 1135 2652 manu.
1158 2611 1188 2670 p.
1202 2595 1253 2656 70.

300 2671 381 2753 Pag·
398 2679 445 2739 10.
469 2675 522 2734 lin.
537 2675 566 2740 4.
587 2669 834 2756 διαπεφωνήιεε]
848 2678 1016 2754 Διαφωνὲω
1031 2677 1083 2736 alii
1097 2677 1155 2735 iam
1172 2675 1310 2734 observa·

215 2763 341 2832 verunt,
363 2777 400 2816 ex
420 2777 477 2818 usu
496 2759 688 2820 Helleniatico
715 2760 881 2838 significare
905 2761 1048 2820 ultimam
1068 2781 1169 2820 vocem
1197 2762 1309 2834 emitto,

215 2836 275 2897 hoc
289 2845 513 2922 celerianum,
527 2837 625 2923 pereo.
663 2845 768 2905 Suidaa
785 2845 809 2902 1.
831 2848 902 2911 563.
922 2847 953 2905 C.
975 2846 1100 2926 hlangey
1115 2845 1153 2905 ad
1168 2843 1245 2904 Phil.
1267 2845 1311 2903 De

216 2923 318 2983 ebriet.
334 2925 358 2986 1.
377 2929 449 2993 375.
472 2929 505 2990 E.
529 2929 696 2991 Adhibetur
710 2951 743 2988 ea
763 2929 978 3008 significatione
999 2931 1159 3011 praecipue
1174 2931 1309 3009 perfecto

216 3016 247 3065 et
259 3010 566 3118 plusquamperfecto:
588 3015 671 3074 velut
685 3014 766 3096 apud
778 3035 850 3074 axx.
871 3016 958 3077 Num.
975 3037 1064 3078 xxrr.
1079 3017 1131 3081 49.
1154 3009 1193 3077 ον’
1209 3016 1309 3076 διανιε·

216 3089 358 3170 φαίνηκεν
376 3091 419 3157 sira
441 3091 539 3160 αιίιαῖν
561 3093 632 3162 osiel
649 3094 699 3174 είς.
737 3099 828 3173 Qrod
844 3100 977 3160 imitatur
991 3099 1077 3160 Philo
1098 3101 1140 3158 De
1155 3099 1307 3159 temulent.

216 3181 289 3239 200.
306 3177 337 3235 B.
352 3189 381 3236 et
402 3181 433 3240 C.
456 3181 528 3240 ilem
542 3181 704 3244 Scholiasta
719 3185 758 3242 ad
771 3187 801 3242 S.
817 3185 936 3244 Ioannis
950 3185 1073 3244 Climaci
1086 3185 1198 3242 Scalam
1215 3184 1308 3241 Para-

215 3259 270 3360 δίε.
290 3265 337 3325 19.
358 3263 389 3324 C.
408 3263 521 3343 aliquot
536 3268 684 3346 simplices
697 3267 831 3328 homines
841 3269 1056 3330 incredibiliter
1070 3269 1243 3342 ieiunantes,
1255 3265 1309 3328 ιιαΙ

215 3343 392 3425 αδιακρίιως
404 3350 458 3434 βίᾳ
471 3346 596 3424 ἕαυτοιίς
612 3347 764 3426 ἐκδόντες,
785 3350 1062 3434 διαπεφωνήκασιν,
1078 3353 1308 3412 aucenhuerunl·

214 3426 253 3485 Et
270 3430 416 3510 Apsyrtos
435 3435 467 3492 in
483 3433 678 3516 Hippiatricis
693 3439 764 3503 256.
783 3439 814 3499 C.
840 3437 877 3497 de
898 3459 989 3518 equo,
1011 3440 1155 3502 κίνδυνον
1175 3429 1231 3501 οὖν
1251 3436 1310 3510 ἕξει

104 3513 415 3596 Ρ.19ὶδιαφωνῆσαι.
457 3519 523 3579 Non
546 3521 635 3600 pauci
655 3530 753 3580 tamen
774 3522 885 3581 eruditi
904 3524 982 3606 lapsi
1000 3533 1071 3584 sunt
1089 3524 1122 3583 iu
1137 3523 1197 3582 hoc
1217 3523 1309 3581 verbo

215 3597 451 3682 interpretando.
487 3605 577 3665 Velut
590 3605 671 3686 apud
689 3605 807 3666 Philon.
823 3606 867 3666 lle
879 3610 992 3668 nomin.
1005 3617 1111 3669 mutat.
1123 3611 1194 3674 822.
1207 3607 1241 3666 Β.
1258 3599 1310 3669 ale

216 3686 319 3764 ίεμος,
341 3687 374 3750 ἐν
390 3681 414 3772 gl
431 3693 491 3751 τῶν
507 3689 767 3772 διαγωνισαμένων
790 3689 979 3774 διεφόνησεν
993 3689 1110 3768 ον’δείς,
1132 3686 1200 3754 ilt’
1218 3688 1311 3770 icoo-

215 3790 266 3841 τος
281 3770 332 3832 καί
345 3776 421 3854 σῷος
436 3774 603 3854 ἐπανῆλθε·
626 3796 733 3836 vereor
745 3787 780 3836 ut
792 3780 897 3838 Petrus
910 3779 1053 3838 Morellus
1073 3787 1154 3837 recte
1175 3775 1307 3844 verterit,

215 3853 248 3908 in
264 3875 323 3930 quo
338 3856 552 3918 dimicantium
565 3883 648 3921 nemo
665 3861 783 3921 discors
796 3866 872 3937 suit.
916 3865 952 3923 Et
962 3863 1035 3923 haec
1048 3861 1173 3942 Apsyrti
1187 3861 1220 3920 in
1234 3861 1311 3939 Hip-

214 3935 303 4016 piatr.
320 3945 390 4007 260.
409 3943 441 4003 Β.
464 3945 614 4023 διαφωνεῖ
632 3944 665 4010 δὲ
685 3949 813 4033 ῥᾳδίως,
837 3949 971 4008 duellius
986 3950 1020 4007 in
1037 3948 1185 4007 Medicina
1199 3945 1311 4006 reteri·

213 4041 280 4081 Μ.
298 4028 367 4088 101.
391 4026 423 4086 B.
447 4043 627 4110 quapropter
636 4033 739 4108 facile
755 4031 917 4111 despondet
936 4035 1085 4092 animum.
1126 4032 1225 4110 Atque
1241 4039 1309 4088 lan-

214 4115 279 4164 tum
288 4107 481 4172 nonridicule
490 4113 737 4198 Montelolconiua
752 4117 944 4196 spudEuseb.
954 4119 1118 4178 comment.
1129 4117 1163 4176 in
1172 4113 1308 4175 Psalmi,

214 4193 285 4257 259.
305 4191 339 4252 Ε.
363 4193 401 4255 de
419 4199 555 4258 secundis
573 4201 748 4262 mulierum:
769 4197 868 4283 ὥσπερ
891 4205 1014 4286 χωρίον,
1035 4205 1233 4284 προχωρῆσαν
1248 4194 1311 4262 ini

212 4273 369 4354 γυναικὸς,
393 4275 535 4364 σιίδιμιᾶς
549 4283 660 4368 periise
680 4287 776 4368 ζωῆς,
797 4285 943 4350 διαλυθὲν
964 4285 1000 4351 dl
1021 4289 1185 4368 διαφωνεῖ·
1207 4303 1308 4365 quens·
