2959 4850
416 165 722 312 rn'rnnonosn
742 201 976 273 senenses.
1177 195 1254 274 oso

155 351 286 433 phorum
299 353 482 416 Theodosius
494 355 583 416 modo
600 365 727 418 enarrat„
769 358 939 420 Verisimile
950 369 996 421 est
1009 370 1117 439 tamen,
1138 364 1172 423 id
1188 379 1268 426 noa‘

30 441 33 444 ’
154 459 276 516 prorsus
291 441 329 498 ad
343 441 570 500 assentationem
582 440 743 523 Nicephori
756 463 774 502 a
785 451 874 525 potita
886 445 977 505 luisse
989 447 1143 530 seriptum,
1158 468 1252 528 quum

154 521 291 582 Incertus
314 525 513 585 continuator
534 525 722 607 Theophanis
749 529 784 588 in
805 530 932 590 Romani
950 531 1078 592 lunioris
1092 533 1153 592 vita
1166 554 1250 594 num.

153 607 207 666 XI.
224 628 292 688 pag.
309 607 381 676 298.
403 609 605 690 Nicephorum
629 611 664 670 ab
678 613 819 691 hgarenis
841 615 1068 676 reformidatum
1086 618 1198 678 scribat
1211 619 1251 678 oh

154 690 217 750 eius
229 689 285 795 τήν
299 693 446 777 διὲγερσιν
458 694 510 758 soi
523 691 657 773 σύνεσιν,
678 695 730 760 aot
745 694 802 778 τὴν
818 697 892 782 πρός
905 698 985 764 Orda
999 702 1115 776 setoso,
1134 701 1187 764 soi
1199 705 1249 765 ds-

152 797 335 920 npmoptnpv,
365 781 489 860 uigilem
508 781 702 862 solertemque
727 787 881 863 anianum,
900 781 1057 866 fidemque
1081 789 1116 846 in
1136 789 1249 864 Dewrs,

152 882 168 918 e
199 883 234 920 su
264 885 364 922 seam.

238 951 289 1012 62.
311 945 373 1008 Kal
384 943 418 1010 oi
434 944 606 1032 προβάλλει]
628 950 724 1029 Rogat
741 950 835 1013 Deum
851 952 1045 1034 Nicephorus,
1064 963 1101 1014 nt
1113 955 1147 1014 in
1160 954 1244 1015 obse.
1261 951 1293 1007 P.
1310 952 1362 1009 ³79

151 1029 254 1110 quium
279 1031 439 1092 Christiani
458 1035 565 1114 populi
591 1036 778 1096 Cretensium
800 1047 899 1098 turres
920 1047 953 1098 et
977 1037 1094 1097 moenia
1118 1039 1249 1117 deficiat,
1267 1022 1352 1076 ⁰⁰¹·¹

149 1114 400 1258 puemadmodum
423 1139 480 1198 pro
500 1118 641 1180 Hebraeis
666 1121 700 1180 in
731 1123 949 1202 expugnatione
969 1123 1065 1182 lerico
1087 1123 1126 1182 ad
1144 1144 1249 1204 preces

167 1220 248 1344 osupl
256 1200 336 1262 fecit.
379 1201 746 1287 Vid.los.cap.u1,qua
770 1207 854 1269 dere
872 1216 904 1268 et
919 1207 990 1267 Dux
1005 1207 1156 1286 gloriosus
1170 1209 1248 1269 Deua

150 1303 166 1341 a
210 1304 225 1344 e
250 1294 325 1348 atur.

166 1303 209 1364 pp
235 1369 286 1435 64.
305 1363 427 1450 Asianis]
446 1371 490 1430 lta
507 1373 626 1451 Codex,
646 1393 707 1434 non
728 1367 843 1456 αιίὴν,
863 1375 943 1434 utin
959 1373 1090 1435 editione
1105 1375 1249 1454 Cornelii,

149 1453 204 1534 qni
216 1461 315 1512 tamen
329 1455 374 1514 sic
386 1457 603 1537 emendandum
617 1477 679 1517 esse
693 1468 858 1518 notaverat.
1327 1480 1331 1485 ·

232 1542 283 1603 67.
303 1541 411 1614 Δεῖξον
425 1539 539 1622 Πέτρος
550 1541 606 1620 τίς]
629 1543 727 1619 Pergit
747 1541 936 1622 Nicephorus
949 1543 1044 1602 Deum
1063 1545 1187 1624 precari,
1210 1553 1247 1605 ut

147 1621 281 1704 potentia
300 1644 353 1682 sua
373 1625 519 1704 ostendat,
542 1627 608 1705 quis
622 1627 661 1686 sit
675 1627 782 1686 Petrus
797 1627 967 1706 Apostolus,
984 1626 1169 1688 Christianae
1183 1629 1245 1688 Ec·-

149 1707 255 1766 clesiae
265 1707 344 1767 basis
357 1719 387 1768 et
398 1709 633 1787 fundamentum,
647 1711 752 1788 etquis
766 1711 1041 1790 impiusbloameth,
1054 1713 1245 1773 saracenicae

149 1791 369 1872 superstitionis
390 1804 511 1871 auctor,
532 1816 620 1875 quern
638 1795 712 1854 dicit
727 1795 866 1854 salsitatis
876 1797 1049 1855 convictum
1062 1797 1099 1854 ab
1111 1798 1176 1877 ipsa
1188 1817 1243 1858 sua

23 1947 32 1959 .
148 1876 328 1954 calliditate3
352 1897 419 1937 cum
436 1879 523 1954 enim,
539 1889 575 1939 ut
587 1879 735 1942 Hebraeos
749 1879 808 1938 sibi
822 1880 997 1938 conciliaret
1008 1889 1038 1939 et
1051 1880 1244 1959 Christianos,

147 1962 304 2040 utriusque
319 1963 416 2041 Legis,
436 1964 544 2024 veteris
558 1963 699 2024 nimirum
720 1985 757 2023 ac
769 1983 885 2040 novae,
898 1973 1053 2043 praecepta
1070 1965 1249 2027 immiscue-'

145 2045 204 2122 rit,
225 2047 348 2106 asseclas
373 2067 442 2106 suos
463 2049 617 2128 utriusque
640 2047 724 2128 Legis
744 2057 976 2126 transgressores
991 2047 1099 2110 effecit.
1141 2049 1244 2127 ltaque

145 2131 320 2212 permissam
339 2131 479 2192 Hebraeis
509 2133 709 2214 polygamiam
731 2135 914 2203 concedens,
947 2131 1132 2191 Christianos
1150 2133 1190 2191 ad
1212 2153 1244 2193 se

147 2214 317 2276 deficientes
333 2217 405 2277 fecit
422 2215 633 2294 fornicatores,
653 2227 684 2278 et
701 2217 811 2278 docens
833 2237 902 2276 cum
919 2215 1094 2276 Christianis
1114 2219 1243 2278 vetitum

146 2313 209 2360 non
235 2320 297 2360 esee
317 2301 454 2362 omnibus
470 2301 609 2362 carnibus
622 2301 716 2380 vesci,
738 2299 888 2362 Hebraeos
899 2308 1041 2380 sequaces
1054 2322 1123 2360 suos
1136 2302 1243 2362 docuit
1277 2311 1280 2313 ’

146 2396 341 2467 praeceptum
355 2387 520 2465 transgredi
535 2387 577 2447 eia
600 2384 714 2465 datum,
732 2407 771 2447 ne
783 2386 962 2447 camelorum
979 2405 1069 2447 carne
1082 2405 1242 2449 vesceren-

146 2480 215 2547 tur,
240 2472 333 2533 Lerit.
353 2492 418 2552 cap.
438 2492 482 2531 ιιι.
495 2492 526 2533 v.
540 2473 570 2539 4.
585 2474 705 2536 Denter.
723 2492 788 2553 cap.
808 2492 873 2531 ιιι.
888 2490 920 2537 ι.
933 2476 965 2536 7.
1000 2470 1118 2531 Videsis
1140 2470 1240 2532 eradi.

147 2564 213 2615 turn
241 2553 390 2615 auctorem
411 2556 520 2637 Siphra
539 2557 572 2616 in
596 2557 759 2618 Leviticum
782 2576 847 2635 cap.
864 2576 912 2615 ιιι.
929 2564 960 2614 et
974 2576 1016 2615 ιι.
1037 2556 1071 2615 in
1097 2556 1240 2618 Theseur.
1286 2620 1289 2626 ,

147 2640 267 2718 Ugolini
289 2642 375 2723 Torn,
390 2640 469 2704 xlv.
483 2662 513 2723 p.
532 2648 625 2709 1000.
650 2642 758 2701 Nan-st
779 2640 929 2700 Cedrenua
947 2640 1061 2701 llistor.
1077 2641 1241 2722 compend

146 2744 213 2805 pag.
232 2726 311 2802 421,
335 2724 496 2801 Hebraeos,
518 2726 570 2806 qui
588 2726 749 2785 Moseicam
771 2727 877 2802 Legem
901 2724 1067 2785 deserentes
1080 2724 1242 2785 bloamethi

147 2808 357 2887 adhaeserant,
378 2810 436 2870 rati
458 2830 524 2869 eum
548 2830 610 2870 esse
629 2810 782 2887 Messinm,
803 2818 960 2889 postquam
980 2810 1117 2869 carnibus
1135 2800 1243 2869 dameli

145 2894 226 2957 raeci
238 2894 359 2955 solitum
373 2904 602 2974 conspexerunt,
626 2914 692 2955 eum
703 2915 766 2953 non
777 2913 840 2954 esse
852 2893 885 2951 id
900 2893 981 2973 quod
993 2894 1108 2973 opinati
1121 2896 1245 2955 firmant

146 2978 281 3041 sensisse.
323 2979 468 3039 Fortassis
481 2979 665 3039 Theodosius
682 2980 720 3038 ad
736 2977 816 3037 hano
829 2977 925 3057 ipsam
942 2977 1050 3037 alludit
1061 2998 1134 3039 rem.

229 3068 280 3131 79.
308 3058 420 3144 Ῥόμης
438 3062 595 3143 ὑπῆρχον]
623 3064 709 3123 Creta
739 3064 872 3123 Romano
897 3062 1026 3141 Imperio
1057 3062 1159 3143 paruit
1185 3082 1241 3123 ua-

147 3166 206 3229 que
222 3148 261 3207 ad
280 3148 454 3208 Michablem
476 3148 614 3220 Balbum,
635 3168 694 3227 quo
708 3147 1070 3228 impmsnteabarseenis
1086 3154 1240 3228 captaest,

148 3233 332 3293 occasionem
348 3233 421 3314 ipsis
435 3233 619 3313 potissimum
629 3232 791 3313 praebente
800 3230 915 3291 Thomas
928 3232 1066 3311 quodam,
1078 3233 1159 3311 qtria
1172 3250 1241 3291 san·

148 3326 197 3377 cta
210 3318 446 3378 Christianorum
457 3316 518 3379 fide
530 3318 703 3395 desciscens,
725 3314 952 3377 blosmethicam
963 3326 1072 3377 sectam
1083 3318 1239 3397 amplexus

147 3412 220 3464 erac
259 3404 373 3463 Videsis
387 3402 552 3463 Cedrenuna
563 3402 656 3465 lusiua
673 3403 711 3463 de
724 3402 785 3463 hoo
798 3410 933 3481 agentem
945 3400 1060 3461 ffistor.
1075 3400 1239 3481 compend.

171 3486 299 3555 s.499.
320 3497 376 3548 ets
436 3532 444 3549 .

146 3506 168 3568 P
186 3508 205 3566 Β
232 3576 282 3638 80.
305 3508 506 3653 Heosebhilairor
525 3568 630 3653 ὄκνος]
651 3570 698 3631 Ob
712 3569 856 3631 desidiam
871 3578 952 3630 certe
966 3570 1149 3629 Graecorum
1162 3577 1238 3627 tam-

148 3654 203 3716 diu
221 3656 305 3716 Creta
328 3658 383 3717 snb
397 3658 468 3735 iugo
484 3660 697 3717 Saracenorum
710 3656 863 3733 ingemuit.
905 3654 1014 3714 Classis
1028 3654 1107 3713 enim
1123 3652 1238 3733 abipso

147 3740 293 3801 Michaele
310 3742 401 3801 Balbo
426 3760 460 3801 eo
474 3741 562 3802 missa
580 3742 663 3801 Duce
685 3741 806 3799 Cratero
824 3739 1073 3819 Cabyraaotarnm
1085 3738 1238 3817 praefecto

148 3826 223 3885 adeo
235 3826 362 3885 feliciter
373 3826 515 3888 barbaros
530 3824 621 3901 ludit,
637 3832 671 3885 nt
686 3826 803 3885 Cretam
816 3824 904 3883 facile
916 3831 1160 3904 recuperassent,
1179 3820 1241 3882 nisi

148 3908 276 3971 victoria
292 3910 362 3969 elati
383 3912 506 3985 milites,
533 3912 711 3973 adventante
723 3918 828 3984 nocte,
850 3907 1120 3990 compotationibus
1136 3927 1172 3966 ac
1191 3908 1239 3966 lu·
1313 3945 1316 3952 ι

149 3994 244 4057 xuriia
266 4016 328 4055 aeae
346 3994 576 4073 immersissent,
595 4014 634 4057 ex
649 4014 707 4075 quo
725 3995 837 4053 sactum
851 4004 912 4070 est,
932 4003 970 4054 ut
982 4014 1089 4053 somno
1108 3992 1242 4070 vinoque

150 4100 317 4161 oppressos,
325 4080 443 4142 barbari
454 4081 553 4141 subito
567 4080 666 4143 adorti
679 4100 729 4140 eos
738 4079 809 4158 sint,
817 4088 846 4139 at
856 4098 949 4157 nsque
957 4078 997 4139 sd
1009 4078 1242 4139 internecionem

152 4165 531 4254 turpiter-,profligaveaiut
562 4164 692 4228 Consule
706 4164 872 4226 Cedrennm
881 4163 958 4225 llist.
970 4164 1074 4246 Comp.
1088 4181 1154 4244 pag.
1168 4161 1240 4228 511.
