<?xml version="1.0" encoding="UTF-8"?>
<!DOCTYPE html PUBLIC "-//W3C//DTD XHTML 1.0 Transitional//EN"
    "http://www.w3.org/TR/xhtml1/DTD/xhtml1-transitional.dtd">
<html xmlns="http://www.w3.org/1999/xhtml" xml:lang="en" lang="en">
 <head>
  <title>
</title>
<meta http-equiv="Content-Type" content="text/html;charset=utf-8" />
  <meta name='ocr-system' content='tesseract 3.04.00' />
  <meta name='ocr-capabilities' content='ocr_page ocr_carea ocr_par ocr_line ocrx_word'/>
</head>
<body>
  <div class='ocr_page' id='page_1' title='image "./corpusscriptoru00theogoog/corpusscriptoru00theogoog_0595.png"; bbox 0 0 2959 4850; ppageno 0'>
   <div class='ocr_carea' id='block_1_1' title="bbox 384 304 1219 412">
    <p class='ocr_par' dir='ltr' id='par_1_1' title="bbox 384 304 1219 412">
     <span class='ocr_line' id='line_1_1' title="bbox 384 304 1219 412; baseline 0.002 -2"><span class='ocrx_word' id='word_1_1' title='bbox 384 337 429 410; x_wconf 74' lang='lat' dir='ltr'><em>nt</em></span> <span class='ocrx_word' id='word_1_2' title='bbox 449 334 971 410; x_wconf 67' lang='lat' dir='ltr'><em>monumemtum.</em></span> <span class='ocrx_word' id='word_1_3' title='bbox 1003 304 1007 317; x_wconf 84' lang='grc'><strong>’</strong></span> <span class='ocrx_word' id='word_1_4' title='bbox 1143 332 1219 412; x_wconf 85' lang='lat' dir='ltr'><em>too</em></span> 
     </span>
    </p>
   </div>
   <div class='ocr_carea' id='block_1_2' title="bbox 120 493 1248 4392">
    <p class='ocr_par' dir='ltr' id='par_1_2' title="bbox 120 493 1248 4392">
     <span class='ocr_line' id='line_1_2' title="bbox 133 493 1218 575; baseline 0.007 -19"><span class='ocrx_word' id='word_1_5' title='bbox 133 500 179 556; x_wconf 83' lang='lat' dir='ltr'><em>aie</em></span> <span class='ocrx_word' id='word_1_6' title='bbox 194 493 404 572; x_wconf 75' lang='lat' dir='ltr'><strong><em>comidebant,</em></strong></span> <span class='ocrx_word' id='word_1_7' title='bbox 424 516 462 555; x_wconf 91' lang='lat' dir='ltr'><em>ac</em></span> <span class='ocrx_word' id='word_1_8' title='bbox 475 497 558 556; x_wconf 75' lang='lat' dir='ltr'><em>velut</em></span> <span class='ocrx_word' id='word_1_9' title='bbox 572 515 662 575; x_wconf 80' lang='lat' dir='ltr'><em>cuper</em></span> <span class='ocrx_word' id='word_1_10' title='bbox 673 500 815 557; x_wconf 88' lang='lat' dir='ltr'><em>oneraria</em></span> <span class='ocrx_word' id='word_1_11' title='bbox 823 501 901 558; x_wconf 79' lang='lat' dir='ltr'><em>naui</em></span> <span class='ocrx_word' id='word_1_12' title='bbox 910 496 1106 560; x_wconf 69' lang='lat' dir='ltr'><em>vehebantur.</em></span> <span class='ocrx_word' id='word_1_13' title='bbox 1125 501 1218 564; x_wconf 70' lang='lat' dir='ltr'><em>Ata·</em></span> 
     </span>
     <span class='ocr_line' id='line_1_3' title="bbox 134 579 1218 662; baseline 0.01 -24"><span class='ocrx_word' id='word_1_14' title='bbox 134 583 238 640; x_wconf 76' lang='lat' dir='ltr'><em>lintres</em></span> <span class='ocrx_word' id='word_1_15' title='bbox 259 583 310 638; x_wconf 83' lang='lat' dir='ltr'><em>uel</em></span> <span class='ocrx_word' id='word_1_16' title='bbox 322 579 541 640; x_wconf 71' lang='lat' dir='ltr'><em>hauriebantur</em></span> <span class='ocrx_word' id='word_1_17' title='bbox 550 581 721 662; x_wconf 83' lang='lat' dir='ltr'><em>fluctibue:</em></span> <span class='ocrx_word' id='word_1_18' title='bbox 742 593 808 642; x_wconf 85' lang='lat' dir='ltr'><em>tam</em></span> <span class='ocrx_word' id='word_1_19' title='bbox 825 586 971 662; x_wconf 84' lang='lat' dir='ltr'><em>infectum</em></span> <span class='ocrx_word' id='word_1_20' title='bbox 988 596 1102 646; x_wconf 89' lang='lat' dir='ltr'><em>tuncee</em></span> <span class='ocrx_word' id='word_1_21' title='bbox 1117 586 1218 649; x_wconf 77' lang='lat' dir='ltr'><em>decla·</em></span> 
     </span>
     <span class='ocr_line' id='line_1_4' title="bbox 131 667 1248 751; baseline 0.008 -27"><span class='ocrx_word' id='word_1_22' title='bbox 131 667 223 724; x_wconf 89' lang='lat' dir='ltr'><em>rabat</em></span> <span class='ocrx_word' id='word_1_23' title='bbox 236 668 406 744; x_wconf 85' lang='lat' dir='ltr'><em>Danaprie.</em></span> <span class='ocrx_word' id='word_1_24' title='bbox 444 668 511 726; x_wconf 84' lang='lat' dir='ltr'><em>Noe</em></span> <span class='ocrx_word' id='word_1_25' title='bbox 526 687 596 725; x_wconf 85' lang='lat' dir='ltr'><em>uero</em></span> <span class='ocrx_word' id='word_1_26' title='bbox 611 667 655 726; x_wconf 89' lang='lat' dir='ltr'><em>ibi</em></span> <span class='ocrx_word' id='word_1_27' title='bbox 669 688 758 748; x_wconf 75' lang='lat' dir='ltr'><em>aegre</em></span> <span class='ocrx_word' id='word_1_28' title='bbox 772 667 890 750; x_wconf 87' lang='lat' dir='ltr'><em>diuque</em></span> <span class='ocrx_word' id='word_1_29' title='bbox 905 673 1149 751; x_wconf 76' lang='lat' dir='ltr'><em>exepectauimua,</em></span> <span class='ocrx_word' id='word_1_30' title='bbox 1164 695 1218 732; x_wconf 78' lang='lat' dir='ltr'><em>ve-</em></span> <span class='ocrx_word' id='word_1_31' title='bbox 1233 693 1248 724; x_wconf 69' lang='grc' dir='ltr'><strong><em>ο</em></strong></span> 
     </span>
     <span class='ocr_line' id='line_1_5' title="bbox 131 749 1219 834; baseline 0.006 -25"><span class='ocrx_word' id='word_1_32' title='bbox 131 751 180 809; x_wconf 87' lang='lat' dir='ltr'><em>lut</em></span> <span class='ocrx_word' id='word_1_33' title='bbox 194 751 548 830; x_wconf 82' lang='lat' dir='ltr'><em>euocencneteeslumini,</em></span> <span class='ocrx_word' id='word_1_34' title='bbox 571 749 655 831; x_wconf 90' lang='lat' dir='ltr'><em>quod</em></span> <span class='ocrx_word' id='word_1_35' title='bbox 665 773 725 812; x_wconf 90' lang='lat' dir='ltr'><em>non</em></span> <span class='ocrx_word' id='word_1_36' title='bbox 740 765 813 812; x_wconf 84' lang='lat' dir='ltr'><em>eeeet</em></span> <span class='ocrx_word' id='word_1_37' title='bbox 829 756 1010 834; x_wconf 80' lang='lat' dir='ltr'><em>glaciatum.</em></span> <span class='ocrx_word' id='word_1_38' title='bbox 1052 757 1115 815; x_wconf 86' lang='lat' dir='ltr'><em>Nec</em></span> <span class='ocrx_word' id='word_1_39' title='bbox 1134 758 1219 816; x_wconf 86' lang='lat' dir='ltr'><em>mul-</em></span> 
     </span>
     <span class='ocr_line' id='line_1_6' title="bbox 130 833 1219 920; baseline 0.009 -26"><span class='ocrx_word' id='word_1_40' title='bbox 130 837 172 894; x_wconf 76' lang='lat' dir='ltr'><em>tte</em></span> <span class='ocrx_word' id='word_1_41' title='bbox 201 833 308 892; x_wconf 85' lang='lat' dir='ltr'><em>diebue</em></span> <span class='ocrx_word' id='word_1_42' title='bbox 322 847 393 914; x_wconf 84' lang='lat' dir='ltr'><em>poet</em></span> <span class='ocrx_word' id='word_1_43' title='bbox 414 847 479 894; x_wconf 88' lang='lat' dir='ltr'><em>erat</em></span> <span class='ocrx_word' id='word_1_44' title='bbox 504 857 588 915; x_wconf 87' lang='lat' dir='ltr'><em>aqua</em></span> <span class='ocrx_word' id='word_1_45' title='bbox 609 847 676 894; x_wconf 88' lang='lat' dir='ltr'><em>tum</em></span> <span class='ocrx_word' id='word_1_46' title='bbox 696 836 830 918; x_wconf 90' lang='lat' dir='ltr'><em>undique</em></span> <span class='ocrx_word' id='word_1_47' title='bbox 848 841 921 920; x_wconf 78' lang='lat' dir='ltr'><em>gelu</em></span> <span class='ocrx_word' id='word_1_48' title='bbox 945 842 1123 919; x_wconf 84' lang='lat' dir='ltr'><em>conetricta,</em></span> <span class='ocrx_word' id='word_1_49' title='bbox 1150 853 1219 904; x_wconf 82' lang='lat' dir='ltr'><em>eum</em></span> 
     </span>
     <span class='ocr_line' id='line_1_7' title="bbox 131 919 1216 1005; baseline 0.006 -27"><span class='ocrx_word' id='word_1_50' title='bbox 131 922 258 998; x_wconf 84' lang='lat' dir='ltr'><em>mirifice</em></span> <span class='ocrx_word' id='word_1_51' title='bbox 265 923 379 1000; x_wconf 88' lang='lat' dir='ltr'><em>firma:</em></span> <span class='ocrx_word' id='word_1_52' title='bbox 403 932 439 980; x_wconf 89' lang='lat' dir='ltr'><em>ut</em></span> <span class='ocrx_word' id='word_1_53' title='bbox 451 919 570 1002; x_wconf 84' lang='lat' dir='ltr'><em>peditee</em></span> <span class='ocrx_word' id='word_1_54' title='bbox 590 926 762 1001; x_wconf 74' lang='lat' dir='ltr'><em>equitesque</em></span> <span class='ocrx_word' id='word_1_55' title='bbox 775 923 922 1004; x_wconf 81' lang='lat' dir='ltr'><em>intrepide</em></span> <span class='ocrx_word' id='word_1_56' title='bbox 930 945 987 1002; x_wconf 88' lang='lat' dir='ltr'><em>per</em></span> <span class='ocrx_word' id='word_1_57' title='bbox 991 926 1118 1005; x_wconf 76' lang='lat' dir='ltr'><em>fluxum</em></span> <span class='ocrx_word' id='word_1_58' title='bbox 1132 947 1216 984; x_wconf 90' lang='lat' dir='ltr'><em>com·</em></span> 
     </span>
     <span class='ocr_line' id='line_1_8' title="bbox 131 1008 1217 1088; baseline 0.008 -25"><span class='ocrx_word' id='word_1_59' title='bbox 131 1015 279 1082; x_wconf 79' lang='lat' dir='ltr'><em>mearent,</em></span> <span class='ocrx_word' id='word_1_60' title='bbox 301 1009 523 1085; x_wconf 84' lang='lat' dir='ltr'><em>certaminaque</em></span> <span class='ocrx_word' id='word_1_61' title='bbox 536 1017 685 1085; x_wconf 88' lang='lat' dir='ltr'><em>tanquam</em></span> <span class='ocrx_word' id='word_1_62' title='bbox 697 1011 731 1065; x_wconf 90' lang='lat' dir='ltr'><em>in</em></span> <span class='ocrx_word' id='word_1_63' title='bbox 745 1012 860 1088; x_wconf 77' lang='lat' dir='ltr'><em>campie</em></span> <span class='ocrx_word' id='word_1_64' title='bbox 873 1020 989 1068; x_wconf 83' lang='lat' dir='ltr'><em>etrenue</em></span> <span class='ocrx_word' id='word_1_65' title='bbox 1002 1008 1126 1072; x_wconf 83' lang='lat' dir='ltr'><em>ederent.</em></span> <span class='ocrx_word' id='word_1_66' title='bbox 1164 1011 1217 1072; x_wconf 78' lang='lat' dir='ltr'><em>lta</em></span> 
     </span>
     <span class='ocr_line' id='line_1_9' title="bbox 132 1093 1217 1175; baseline 0.009 -29"><span class='ocrx_word' id='word_1_67' title='bbox 132 1093 223 1168; x_wconf 71' lang='lat' dir='ltr'><em>quari</em></span> <span class='ocrx_word' id='word_1_68' title='bbox 246 1093 512 1169; x_wconf 57' lang='lat' dir='ltr'><em>praeetepiatorene</em></span> <span class='ocrx_word' id='word_1_69' title='bbox 542 1093 674 1172; x_wconf 51' lang='lat' dir='ltr'><em>Quem</em></span> <span class='ocrx_word' id='word_1_70' title='bbox 702 1114 732 1151; x_wconf 84' lang='lat' dir='ltr'><em>ee</em></span> <span class='ocrx_word' id='word_1_71' title='bbox 753 1096 915 1173; x_wconf 80' lang='lat' dir='ltr'><em>Danaprie</em></span> <span class='ocrx_word' id='word_1_72' title='bbox 930 1094 1106 1172; x_wconf 79' lang='lat' dir='ltr'><em>praebebat,</em></span> <span class='ocrx_word' id='word_1_73' title='bbox 1122 1099 1217 1175; x_wconf 84' lang='lat' dir='ltr'><em>priua</em></span> 
     </span>
     <span class='ocr_line' id='line_1_10' title="bbox 134 1176 1216 1258; baseline 0.006 -26"><span class='ocrx_word' id='word_1_74' title='bbox 134 1176 275 1232; x_wconf 83' lang='lat' dir='ltr'><em>violenter</em></span> <span class='ocrx_word' id='word_1_75' title='bbox 298 1195 335 1232; x_wconf 88' lang='lat' dir='ltr'><em>aa</em></span> <span class='ocrx_word' id='word_1_76' title='bbox 355 1195 443 1234; x_wconf 84' lang='lat' dir='ltr'><em>caeue</em></span> <span class='ocrx_word' id='word_1_77' title='bbox 461 1178 575 1251; x_wconf 83' lang='lat' dir='ltr'><em>elatae,</em></span> <span class='ocrx_word' id='word_1_78' title='bbox 597 1189 626 1234; x_wconf 89' lang='lat' dir='ltr'><em>et</em></span> <span class='ocrx_word' id='word_1_79' title='bbox 639 1199 734 1256; x_wconf 85' lang='lat' dir='ltr'><em>prope</em></span> <span class='ocrx_word' id='word_1_80' title='bbox 750 1176 852 1236; x_wconf 85' lang='lat' dir='ltr'><em>dicam</em></span> <span class='ocrx_word' id='word_1_81' title='bbox 863 1180 1077 1258; x_wconf 70' lang='lat' dir='ltr'><em>aspicientibus</em></span> <span class='ocrx_word' id='word_1_82' title='bbox 1092 1185 1216 1239; x_wconf 80' lang='lat' dir='ltr'><em>univer-</em></span> 
     </span>
     <span class='ocr_line' id='line_1_11' title="bbox 131 1261 1216 1344; baseline 0.006 -26"><span class='ocrx_word' id='word_1_83' title='bbox 131 1263 175 1318; x_wconf 78' lang='lat' dir='ltr'><em>eic</em></span> <span class='ocrx_word' id='word_1_84' title='bbox 188 1270 327 1318; x_wconf 90' lang='lat' dir='ltr'><em>terrorem</em></span> <span class='ocrx_word' id='word_1_85' title='bbox 342 1261 496 1322; x_wconf 82' lang='lat' dir='ltr'><em>iniicc&#39;eno:</em></span> <span class='ocrx_word' id='word_1_86' title='bbox 518 1265 687 1342; x_wconf 88' lang='lat' dir='ltr'><em>mirumque</em></span> <span class='ocrx_word' id='word_1_87' title='bbox 703 1261 826 1328; x_wconf 81' lang='lat' dir='ltr'><em>eundern</em></span> <span class='ocrx_word' id='word_1_88' title='bbox 840 1263 923 1323; x_wconf 86' lang='lat' dir='ltr'><em>brevi</em></span> <span class='ocrx_word' id='word_1_89' title='bbox 941 1275 1070 1344; x_wconf 86' lang='lat' dir='ltr'><em>tempore</em></span> <span class='ocrx_word' id='word_1_90' title='bbox 1081 1265 1216 1324; x_wconf 67' lang='lat' dir='ltr'><em>autmu-</em></span> 
     </span>
     <span class='ocr_line' id='line_1_12' title="bbox 131 1345 1217 1424; baseline 0.008 -23"><span class='ocrx_word' id='word_1_91' title='bbox 131 1365 201 1402; x_wconf 79' lang='lat' dir='ltr'><em>eum</em></span> <span class='ocrx_word' id='word_1_92' title='bbox 206 1346 405 1423; x_wconf 86' lang='lat' dir='ltr'><em>fractumque</em></span> <span class='ocrx_word' id='word_1_93' title='bbox 418 1345 493 1405; x_wconf 92' lang='lat' dir='ltr'><em>adeo</em></span> <span class='ocrx_word' id='word_1_94' title='bbox 505 1345 612 1424; x_wconf 80' lang='lat' dir='ltr'><em>videri,</em></span> <span class='ocrx_word' id='word_1_95' title='bbox 635 1358 669 1405; x_wconf 88' lang='lat' dir='ltr'><em>ut</em></span> <span class='ocrx_word' id='word_1_96' title='bbox 682 1345 843 1406; x_wconf 82' lang='lat' dir='ltr'><em>illuderent</em></span> <span class='ocrx_word' id='word_1_97' title='bbox 857 1360 885 1407; x_wconf 89' lang='lat' dir='ltr'><em>et</em></span> <span class='ocrx_word' id='word_1_98' title='bbox 898 1349 1105 1408; x_wconf 75' lang='lat' dir='ltr'><em>coauclcarent</em></span> <span class='ocrx_word' id='word_1_99' title='bbox 1115 1370 1217 1410; x_wconf 82' lang='lat' dir='ltr'><em>omneo</em></span> 
     </span>
     <span class='ocr_line' id='line_1_13' title="bbox 130 1429 1213 1512; baseline 0.007 -27"><span class='ocrx_word' id='word_1_100' title='bbox 130 1432 223 1508; x_wconf 77' lang='lat' dir='ltr'><em>quati</em></span> <span class='ocrx_word' id='word_1_101' title='bbox 245 1429 473 1488; x_wconf 72' lang='lat' dir='ltr'><em>subterraneum</em></span> <span class='ocrx_word' id='word_1_102' title='bbox 480 1433 621 1508; x_wconf 78' lang='lat' dir='ltr'><em>factum,</em></span> <span class='ocrx_word' id='word_1_103' title='bbox 643 1443 671 1490; x_wconf 90' lang='lat' dir='ltr'><em>et</em></span> <span class='ocrx_word' id='word_1_104' title='bbox 689 1435 720 1490; x_wconf 91' lang='lat' dir='ltr'><em>in</em></span> <span class='ocrx_word' id='word_1_105' title='bbox 739 1433 906 1495; x_wconf 80' lang='lat' dir='ltr'><em>latibulum</em></span> <span class='ocrx_word' id='word_1_106' title='bbox 919 1432 1051 1511; x_wconf 77' lang='lat' dir='ltr'><em>aliquod</em></span> <span class='ocrx_word' id='word_1_107' title='bbox 1067 1455 1089 1494; x_wconf 91' lang='lat' dir='ltr'><em>a</em></span> <span class='ocrx_word' id='word_1_108' title='bbox 1102 1455 1133 1492; x_wconf 84' lang='lat' dir='ltr'><em>ce</em></span> <span class='ocrx_word' id='word_1_109' title='bbox 1147 1438 1213 1512; x_wconf 86' lang='lat' dir='ltr'><em>ipeo</em></span> 
     </span>
     <span class='ocr_line' id='line_1_14' title="bbox 130 1513 1215 1595; baseline 0.006 -24"><span class='ocrx_word' id='word_1_110' title='bbox 130 1513 349 1574; x_wconf 83' lang='lat' dir='ltr'><em>abcaonditum.</em></span> <span class='ocrx_word' id='word_1_111' title='bbox 395 1516 499 1594; x_wconf 89' lang='lat' dir='ltr'><em>Neque</em></span> <span class='ocrx_word' id='word_1_112' title='bbox 518 1519 595 1574; x_wconf 90' lang='lat' dir='ltr'><em>enim</em></span> <span class='ocrx_word' id='word_1_113' title='bbox 618 1526 737 1574; x_wconf 83' lang='lat' dir='ltr'><em>tanturn</em></span> <span class='ocrx_word' id='word_1_114' title='bbox 756 1537 856 1595; x_wconf 86' lang='lat' dir='ltr'><em>aquae</em></span> <span class='ocrx_word' id='word_1_115' title='bbox 871 1529 1028 1578; x_wconf 83' lang='lat' dir='ltr'><em>manantee</em></span> <span class='ocrx_word' id='word_1_116' title='bbox 1047 1519 1215 1595; x_wconf 82' lang='lat' dir='ltr'><em>referebant</em></span> 
     </span>
     <span class='ocr_line' id='line_1_15' title="bbox 120 1600 1212 1680; baseline 0.007 -25"><span class='ocrx_word' id='word_1_117' title='bbox 120 1600 258 1679; x_wconf 85' lang='lat' dir='ltr'><em>fluenta,</em></span> <span class='ocrx_word' id='word_1_118' title='bbox 281 1611 430 1678; x_wconf 83' lang='lat' dir='ltr'><em>quantum</em></span> <span class='ocrx_word' id='word_1_119' title='bbox 446 1611 559 1659; x_wconf 82' lang='lat' dir='ltr'><em>mantea</em></span> <span class='ocrx_word' id='word_1_120' title='bbox 581 1619 703 1680; x_wconf 81' lang='lat' dir='ltr'><em>oeperoe</em></span> <span class='ocrx_word' id='word_1_121' title='bbox 729 1611 757 1658; x_wconf 88' lang='lat' dir='ltr'><em>et</em></span> <span class='ocrx_word' id='word_1_122' title='bbox 768 1612 906 1678; x_wconf 83' lang='lat' dir='ltr'><em>petraeae</em></span> <span class='ocrx_word' id='word_1_123' title='bbox 926 1600 1126 1669; x_wconf 78' lang='lat' dir='ltr'><em>attendebant.</em></span> <span class='ocrx_word' id='word_1_124' title='bbox 1167 1605 1212 1663; x_wconf 73' lang='lat' dir='ltr'><em>Et</em></span> 
     </span>
     <span class='ocr_line' id='line_1_16' title="bbox 127 1683 1211 1767; baseline 0.005 -25"><span class='ocrx_word' id='word_1_125' title='bbox 127 1683 230 1742; x_wconf 80' lang='lat' dir='ltr'><em>eubter</em></span> <span class='ocrx_word' id='word_1_126' title='bbox 235 1685 341 1762; x_wconf 76' lang='lat' dir='ltr'><em>fluent</em></span> <span class='ocrx_word' id='word_1_127' title='bbox 358 1686 461 1764; x_wconf 88' lang='lat' dir='ltr'><em>liquor</em></span> <span class='ocrx_word' id='word_1_128' title='bbox 475 1705 611 1764; x_wconf 89' lang='lat' dir='ltr'><em>quanam</em></span> <span class='ocrx_word' id='word_1_129' title='bbox 627 1687 660 1744; x_wconf 81' lang='lat' dir='ltr'><em>ia</em></span> <span class='ocrx_word' id='word_1_130' title='bbox 674 1705 818 1763; x_wconf 76' lang='lat' dir='ltr'><em>retiquae</em></span> <span class='ocrx_word' id='word_1_131' title='bbox 831 1687 881 1742; x_wconf 84' lang='lat' dir='ltr'><em>vel</em></span> <span class='ocrx_word' id='word_1_132' title='bbox 891 1707 954 1763; x_wconf 88' lang='lat' dir='ltr'><em>par</em></span> <span class='ocrx_word' id='word_1_133' title='bbox 965 1687 1015 1743; x_wconf 84' lang='lat' dir='ltr'><em>vei</em></span> <span class='ocrx_word' id='word_1_134' title='bbox 1027 1688 1138 1746; x_wconf 73' lang='lat' dir='ltr'><em>rimilie</em></span> <span class='ocrx_word' id='word_1_135' title='bbox 1146 1709 1211 1767; x_wconf 87' lang='lat' dir='ltr'><em>po-</em></span> 
     </span>
     <span class='ocr_line' id='line_1_17' title="bbox 128 1767 1213 1850; baseline 0.006 -24"><span class='ocrx_word' id='word_1_136' title='bbox 128 1779 206 1827; x_wconf 87' lang='lat' dir='ltr'><em>terat</em></span> <span class='ocrx_word' id='word_1_137' title='bbox 220 1767 339 1826; x_wconf 82' lang='lat' dir='ltr'><em>videri?</em></span> <span class='ocrx_word' id='word_1_138' title='bbox 382 1767 442 1850; x_wconf 79' lang='lat' dir='ltr'><em>(il.)</em></span> <span class='ocrx_word' id='word_1_139' title='bbox 466 1770 516 1828; x_wconf 86' lang='lat' dir='ltr'><em>Ita</em></span> <span class='ocrx_word' id='word_1_140' title='bbox 530 1773 681 1828; x_wconf 83' lang='lat' dir='ltr'><em>moeotitia</em></span> <span class='ocrx_word' id='word_1_141' title='bbox 697 1780 802 1828; x_wconf 82' lang='lat' dir='ltr'><em>noetra</em></span> <span class='ocrx_word' id='word_1_142' title='bbox 822 1773 854 1830; x_wconf 88' lang='lat' dir='ltr'><em>in</em></span> <span class='ocrx_word' id='word_1_143' title='bbox 869 1770 1056 1830; x_wconf 81' lang='lat' dir='ltr'><em>hilaritatem</em></span> <span class='ocrx_word' id='word_1_144' title='bbox 1068 1791 1213 1834; x_wconf 71' lang='lat' dir='ltr'><em>convertet</em></span> 
     </span>
     <span class='ocr_line' id='line_1_18' title="bbox 127 1855 1215 1935; baseline 0.004 -23"><span class='ocrx_word' id='word_1_145' title='bbox 127 1864 187 1914; x_wconf 82' lang='lat' dir='ltr'><em>eet:</em></span> <span class='ocrx_word' id='word_1_146' title='bbox 217 1855 374 1932; x_wconf 76' lang='lat' dir='ltr'><em>compluria</em></span> <span class='ocrx_word' id='word_1_147' title='bbox 393 1855 535 1918; x_wconf 78' lang='lat' dir='ltr'><em>manibua</em></span> <span class='ocrx_word' id='word_1_148' title='bbox 550 1857 687 1934; x_wconf 77' lang='lat' dir='ltr'><em>proxime</em></span> <span class='ocrx_word' id='word_1_149' title='bbox 705 1857 904 1931; x_wconf 74' lang='lat' dir='ltr'><em>acceceimut,</em></span> <span class='ocrx_word' id='word_1_150' title='bbox 919 1877 977 1935; x_wconf 92' lang='lat' dir='ltr'><em>per</em></span> <span class='ocrx_word' id='word_1_151' title='bbox 998 1877 1108 1935; x_wconf 89' lang='lat' dir='ltr'><em>aequor</em></span> <span class='ocrx_word' id='word_1_152' title='bbox 1125 1860 1215 1935; x_wconf 83' lang='lat' dir='ltr'><em>equi·-</em></span> 
     </span>
     <span class='ocr_line' id='line_1_19' title="bbox 128 1939 1213 2018; baseline 0.004 -22"><span class='ocrx_word' id='word_1_153' title='bbox 128 1949 234 1996; x_wconf 81' lang='lat' dir='ltr'><em>tontec.</em></span> <span class='ocrx_word' id='word_1_154' title='bbox 283 1941 476 2018; x_wconf 73' lang='lat' dir='ltr'><em>Tranogreeei</em></span> <span class='ocrx_word' id='word_1_155' title='bbox 495 1939 579 1998; x_wconf 88' lang='lat' dir='ltr'><em>nullo</em></span> <span class='ocrx_word' id='word_1_156' title='bbox 596 1941 713 2018; x_wconf 82' lang='lat' dir='ltr'><em>negotio</em></span> <span class='ocrx_word' id='word_1_157' title='bbox 730 1959 799 1996; x_wconf 87' lang='lat' dir='ltr'><em>cum</em></span> <span class='ocrx_word' id='word_1_158' title='bbox 814 1943 849 1996; x_wconf 84' lang='lat' dir='ltr'><em>in</em></span> <span class='ocrx_word' id='word_1_159' title='bbox 863 1943 966 2000; x_wconf 84' lang='lat' dir='ltr'><em>ericum</em></span> <span class='ocrx_word' id='word_1_160' title='bbox 978 1943 1095 2000; x_wconf 86' lang='lat' dir='ltr'><em>Borion</em></span> <span class='ocrx_word' id='word_1_161' title='bbox 1115 1945 1213 2000; x_wconf 85' lang='lat' dir='ltr'><em>venio·</em></span> 
     </span>
     <span class='ocr_line' id='line_1_20' title="bbox 128 2021 1215 2103; baseline 0.002 -22"><span class='ocrx_word' id='word_1_162' title='bbox 128 2043 243 2101; x_wconf 80' lang='lat' dir='ltr'><em>cernue,</em></span> <span class='ocrx_word' id='word_1_163' title='bbox 266 2021 310 2082; x_wconf 89' lang='lat' dir='ltr'><em>ad</em></span> <span class='ocrx_word' id='word_1_164' title='bbox 326 2044 435 2102; x_wconf 73' lang='lat' dir='ltr'><em>corpur</em></span> <span class='ocrx_word' id='word_1_165' title='bbox 449 2022 640 2103; x_wconf 83' lang='lat' dir='ltr'><em>reficiendum</em></span> <span class='ocrx_word' id='word_1_166' title='bbox 658 2027 852 2102; x_wconf 83' lang='lat' dir='ltr'><em>iumentoque</em></span> <span class='ocrx_word' id='word_1_167' title='bbox 866 2022 1005 2082; x_wconf 88' lang='lat' dir='ltr'><em>curanda</em></span> <span class='ocrx_word' id='word_1_168' title='bbox 1020 2045 1076 2084; x_wconf 81' lang='lat' dir='ltr'><em>noo</em></span> <span class='ocrx_word' id='word_1_169' title='bbox 1089 2045 1215 2084; x_wconf 74' lang='lat' dir='ltr'><em>cont-er·</em></span> 
     </span>
     <span class='ocr_line' id='line_1_21' title="bbox 130 2107 1213 2189; baseline 0.001 -23"><span class='ocrx_word' id='word_1_170' title='bbox 130 2111 241 2183; x_wconf 79' lang='lat' dir='ltr'><em>timue,</em></span> <span class='ocrx_word' id='word_1_171' title='bbox 263 2129 341 2189; x_wconf 89' lang='lat' dir='ltr'><em>quae</em></span> <span class='ocrx_word' id='word_1_172' title='bbox 358 2111 427 2187; x_wconf 78' lang='lat' dir='ltr'><em>ipra</em></span> <span class='ocrx_word' id='word_1_173' title='bbox 443 2129 476 2167; x_wconf 77' lang='lat' dir='ltr'><em>et</em></span> <span class='ocrx_word' id='word_1_174' title='bbox 486 2111 598 2167; x_wconf 89' lang='lat' dir='ltr'><em>maiori</em></span> <span class='ocrx_word' id='word_1_175' title='bbox 607 2120 698 2186; x_wconf 85' lang='lat' dir='ltr'><em>parte</em></span> <span class='ocrx_word' id='word_1_176' title='bbox 711 2119 767 2166; x_wconf 89' lang='lat' dir='ltr'><em>aut</em></span> <span class='ocrx_word' id='word_1_177' title='bbox 780 2115 866 2166; x_wconf 85' lang='lat' dir='ltr'><em>erant</em></span> <span class='ocrx_word' id='word_1_178' title='bbox 878 2107 1037 2184; x_wconf 80' lang='lat' dir='ltr'><em>invalida,</em></span> <span class='ocrx_word' id='word_1_179' title='bbox 1059 2119 1116 2167; x_wconf 90' lang='lat' dir='ltr'><em>aut</em></span> <span class='ocrx_word' id='word_1_180' title='bbox 1129 2107 1213 2185; x_wconf 77' lang='lat' dir='ltr'><em>dese·</em></span> 
     </span>
     <span class='ocr_line' id='line_1_22' title="bbox 130 2190 1214 2273; baseline 0 -21"><span class='ocrx_word' id='word_1_181' title='bbox 130 2205 241 2256; x_wconf 80' lang='lat' dir='ltr'><em>cerani.</em></span> <span class='ocrx_word' id='word_1_182' title='bbox 287 2193 438 2269; x_wconf 74' lang='lat' dir='ltr'><em>Consentia</em></span> <span class='ocrx_word' id='word_1_183' title='bbox 457 2193 502 2252; x_wconf 89' lang='lat' dir='ltr'><em>ibi</em></span> <span class='ocrx_word' id='word_1_184' title='bbox 519 2191 626 2252; x_wconf 81' lang='lat' dir='ltr'><em>diebue</em></span> <span class='ocrx_word' id='word_1_185' title='bbox 641 2194 761 2273; x_wconf 87' lang='lat' dir='ltr'><em>aliquot</em></span> <span class='ocrx_word' id='word_1_186' title='bbox 774 2196 951 2252; x_wconf 80' lang='lat' dir='ltr'><em>moeceariic</em></span> <span class='ocrx_word' id='word_1_187' title='bbox 965 2190 1012 2252; x_wconf 78' lang='lat' dir='ltr'><em>ad</em></span> <span class='ocrx_word' id='word_1_188' title='bbox 1025 2194 1107 2253; x_wconf 72' lang='lat' dir='ltr'><em>orreo</em></span> <span class='ocrx_word' id='word_1_189' title='bbox 1121 2213 1214 2271; x_wconf 83' lang='lat' dir='ltr'><em>repa-</em></span> 
     </span>
     <span class='ocr_line' id='line_1_23' title="bbox 128 2276 1213 2357; baseline -0.001 -19"><span class='ocrx_word' id='word_1_190' title='bbox 128 2276 263 2354; x_wconf 84' lang='lat' dir='ltr'><em>randae,</em></span> <span class='ocrx_word' id='word_1_191' title='bbox 286 2277 517 2357; x_wconf 77' lang='lat' dir='ltr'><em>accingebamur</em></span> <span class='ocrx_word' id='word_1_192' title='bbox 531 2297 587 2336; x_wconf 85' lang='lat' dir='ltr'><em>noe</em></span> <span class='ocrx_word' id='word_1_193' title='bbox 600 2279 846 2338; x_wconf 85' lang='lat' dir='ltr'><em>Maurocaetrum</em></span> <span class='ocrx_word' id='word_1_194' title='bbox 853 2279 1033 2357; x_wconf 87' lang='lat' dir='ltr'><em>profecturi.</em></span> <span class='ocrx_word' id='word_1_195' title='bbox 1075 2276 1136 2336; x_wconf 79' lang='lat' dir='ltr'><em>Sed</em></span> <span class='ocrx_word' id='word_1_196' title='bbox 1147 2282 1213 2337; x_wconf 80' lang='lat' dir='ltr'><em>iane</em></span> 
     </span>
     <span class='ocr_line' id='line_1_24' title="bbox 123 2360 1215 2447; baseline 0.003 -27"><span class='ocrx_word' id='word_1_197' title='bbox 123 2367 251 2447; x_wconf 75' lang='lat' dir='ltr'><em>paratio</em></span> <span class='ocrx_word' id='word_1_198' title='bbox 271 2362 358 2420; x_wconf 82' lang='lat' dir='ltr'><em>rebue</em></span> <span class='ocrx_word' id='word_1_199' title='bbox 375 2364 530 2441; x_wconf 75' lang='lat' dir='ltr'><em>omnibus,</em></span> <span class='ocrx_word' id='word_1_200' title='bbox 553 2383 622 2421; x_wconf 88' lang='lat' dir='ltr'><em>cum</em></span> <span class='ocrx_word' id='word_1_201' title='bbox 641 2363 722 2420; x_wconf 80' lang='lat' dir='ltr'><em>nittt</em></span> <span class='ocrx_word' id='word_1_202' title='bbox 743 2360 833 2423; x_wconf 82' lang='lat' dir='ltr'><em>aliud</em></span> <span class='ocrx_word' id='word_1_203' title='bbox 851 2360 994 2440; x_wconf 72' lang='lat' dir='ltr'><em>obstaret,</em></span> <span class='ocrx_word' id='word_1_204' title='bbox 1024 2364 1095 2442; x_wconf 78' lang='lat' dir='ltr'><em>epta</em></span> <span class='ocrx_word' id='word_1_205' title='bbox 1112 2361 1215 2423; x_wconf 85' lang='lat' dir='ltr'><em>media</em></span> 
     </span>
     <span class='ocr_line' id='line_1_25' title="bbox 128 2445 1215 2529; baseline -0.001 -21"><span class='ocrx_word' id='word_1_206' title='bbox 128 2459 214 2508; x_wconf 88' lang='lat' dir='ltr'><em>nocte</em></span> <span class='ocrx_word' id='word_1_207' title='bbox 238 2445 431 2529; x_wconf 84' lang='lat' dir='ltr'><em>(quanquam</em></span> <span class='ocrx_word' id='word_1_208' title='bbox 450 2452 604 2509; x_wconf 75' lang='lat' dir='ltr'><em>maturius</em></span> <span class='ocrx_word' id='word_1_209' title='bbox 621 2450 795 2528; x_wconf 63' lang='lat' dir='ltr'><em>prefectum</em></span> <span class='ocrx_word' id='word_1_210' title='bbox 812 2448 999 2529; x_wconf 81' lang='lat' dir='ltr'><em>oportebat),</em></span> <span class='ocrx_word' id='word_1_211' title='bbox 1018 2449 1120 2527; x_wconf 83' lang='lat' dir='ltr'><em>flante</em></span> <span class='ocrx_word' id='word_1_212' title='bbox 1139 2459 1215 2507; x_wconf 86' lang='lat' dir='ltr'><em>tuna</em></span> 
     </span>
     <span class='ocr_line' id='line_1_26' title="bbox 128 2534 1214 2613; baseline 0 -22"><span class='ocrx_word' id='word_1_213' title='bbox 128 2534 271 2613; x_wconf 81' lang='lat' dir='ltr'><em>aquilone</em></span> <span class='ocrx_word' id='word_1_214' title='bbox 281 2536 481 2613; x_wconf 79' lang='lat' dir='ltr'><em>graviaeimo,</em></span> <span class='ocrx_word' id='word_1_215' title='bbox 502 2534 597 2591; x_wconf 80' lang='lat' dir='ltr'><em>bieme</em></span> <span class='ocrx_word' id='word_1_216' title='bbox 609 2536 744 2593; x_wconf 88' lang='lat' dir='ltr'><em>omnium</em></span> <span class='ocrx_word' id='word_1_217' title='bbox 755 2536 932 2591; x_wconf 73' lang='lat' dir='ltr'><em>emiociena</em></span> <span class='ocrx_word' id='word_1_218' title='bbox 944 2554 976 2591; x_wconf 83' lang='lat' dir='ltr'><em>ce</em></span> <span class='ocrx_word' id='word_1_219' title='bbox 985 2535 1214 2612; x_wconf 74' lang='lat' dir='ltr'><em>praecipitante,</em></span> 
     </span>
     <span class='ocr_line' id='line_1_27' title="bbox 128 2616 1213 2697; baseline 0 -20"><span class='ocrx_word' id='word_1_220' title='bbox 128 2630 164 2677; x_wconf 88' lang='lat' dir='ltr'><em>ut</em></span> <span class='ocrx_word' id='word_1_221' title='bbox 173 2618 276 2694; x_wconf 84' lang='lat' dir='ltr'><em>facile</em></span> <span class='ocrx_word' id='word_1_222' title='bbox 291 2616 438 2693; x_wconf 76' lang='lat' dir='ltr'><em>crederer,</em></span> <span class='ocrx_word' id='word_1_223' title='bbox 460 2622 608 2697; x_wconf 85' lang='lat' dir='ltr'><em>impervia</em></span> <span class='ocrx_word' id='word_1_224' title='bbox 623 2639 683 2677; x_wconf 82' lang='lat' dir='ltr'><em>ecee</em></span> <span class='ocrx_word' id='word_1_225' title='bbox 700 2620 828 2694; x_wconf 90' lang='lat' dir='ltr'><em>itinera,</em></span> <span class='ocrx_word' id='word_1_226' title='bbox 849 2639 902 2677; x_wconf 87' lang='lat' dir='ltr'><em>nec</em></span> <span class='ocrx_word' id='word_1_227' title='bbox 921 2616 1072 2676; x_wconf 87' lang='lat' dir='ltr'><em>obdurare</em></span> <span class='ocrx_word' id='word_1_228' title='bbox 1086 2617 1143 2675; x_wconf 80' lang='lat' dir='ltr'><em>aab</em></span> <span class='ocrx_word' id='word_1_229' title='bbox 1159 2617 1213 2677; x_wconf 80' lang='lat' dir='ltr'><em>tio</em></span> 
     </span>
     <span class='ocr_line' id='line_1_28' title="bbox 128 2704 1214 2783; baseline -0.001 -22"><span class='ocrx_word' id='word_1_230' title='bbox 128 2704 245 2779; x_wconf 85' lang='lat' dir='ltr'><em>ullum,</em></span> <span class='ocrx_word' id='word_1_231' title='bbox 263 2724 415 2782; x_wconf 90' lang='lat' dir='ltr'><em>propeque</em></span> <span class='ocrx_word' id='word_1_232' title='bbox 419 2704 494 2781; x_wconf 83' lang='lat' dir='ltr'><em>fieri</em></span> <span class='ocrx_word' id='word_1_233' title='bbox 505 2726 566 2763; x_wconf 87' lang='lat' dir='ltr'><em>non</em></span> <span class='ocrx_word' id='word_1_234' title='bbox 582 2724 686 2783; x_wconf 76' lang='lat' dir='ltr'><em>pocae,</em></span> <span class='ocrx_word' id='word_1_235' title='bbox 708 2713 745 2761; x_wconf 89' lang='lat' dir='ltr'><em>ut</em></span> <span class='ocrx_word' id='word_1_236' title='bbox 757 2705 813 2783; x_wconf 87' lang='lat' dir='ltr'><em>qui</em></span> <span class='ocrx_word' id='word_1_237' title='bbox 826 2713 901 2761; x_wconf 87' lang='lat' dir='ltr'><em>tecta</em></span> <span class='ocrx_word' id='word_1_238' title='bbox 913 2722 974 2761; x_wconf 86' lang='lat' dir='ltr'><em>non</em></span> <span class='ocrx_word' id='word_1_239' title='bbox 985 2712 1153 2763; x_wconf 69' lang='lat' dir='ltr'><em>intuetur</em></span> <span class='ocrx_word' id='word_1_240' title='bbox 1165 2704 1214 2760; x_wconf 85' lang='lat' dir='ltr'><em>in·</em></span> 
     </span>
     <span class='ocr_line' id='line_1_29' title="bbox 128 2785 1215 2869; baseline -0.002 -22"><span class='ocrx_word' id='word_1_241' title='bbox 128 2791 251 2847; x_wconf 89' lang='lat' dir='ltr'><em>teritum</em></span> <span class='ocrx_word' id='word_1_242' title='bbox 268 2788 427 2869; x_wconf 73' lang='lat' dir='ltr'><em>effugeret,</em></span> <span class='ocrx_word' id='word_1_243' title='bbox 449 2800 537 2866; x_wconf 87' lang='lat' dir='ltr'><em>tnnc,</em></span> <span class='ocrx_word' id='word_1_244' title='bbox 559 2791 701 2867; x_wconf 87' lang='lat' dir='ltr'><em>inquam,</em></span> <span class='ocrx_word' id='word_1_245' title='bbox 716 2785 886 2867; x_wconf 85' lang='lat' dir='ltr'><em>formidine</em></span> <span class='ocrx_word' id='word_1_246' title='bbox 901 2789 1040 2845; x_wconf 88' lang='lat' dir='ltr'><em>commati</em></span> <span class='ocrx_word' id='word_1_247' title='bbox 1054 2786 1215 2845; x_wconf 69' lang='lat' dir='ltr'><em>eubeutere</em></span> 
     </span>
     <span class='ocr_line' id='line_1_30' title="bbox 129 2864 1225 2951; baseline -0.003 -20"><span class='ocrx_word' id='word_1_248' title='bbox 129 2864 241 2931; x_wconf 86' lang='lat' dir='ltr'><em>ibidem</em></span> <span class='ocrx_word' id='word_1_249' title='bbox 254 2872 367 2951; x_wconf 82' lang='lat' dir='ltr'><em>noeque</em></span> <span class='ocrx_word' id='word_1_250' title='bbox 379 2876 527 2932; x_wconf 90' lang='lat' dir='ltr'><em>continere</em></span> <span class='ocrx_word' id='word_1_251' title='bbox 546 2869 732 2934; x_wconf 48' lang='lat' dir='ltr'><em>statuimus</em></span> <span class='ocrx_word' id='word_1_252' title='bbox 766 2872 863 2931; x_wconf 81' lang='lat' dir='ltr'><em>Ouiua</em></span> <span class='ocrx_word' id='word_1_253' title='bbox 877 2872 997 2931; x_wconf 75' lang='lat' dir='ltr'><em>cmuilii</em></span> <span class='ocrx_word' id='word_1_254' title='bbox 1011 2882 1118 2929; x_wconf 80' lang='lat' dir='ltr'><em>auctor</em></span> <span class='ocrx_word' id='word_1_255' title='bbox 1127 2868 1216 2949; x_wconf 82' lang='lat' dir='ltr'><em>apud</em></span> <span class='ocrx_word' id='word_1_256' title='bbox 1220 2880 1225 2889; x_wconf 94' lang='grc'><strong>“</strong></span> 
     </span>
     <span class='ocr_line' id='line_1_31' title="bbox 129 2954 1214 3036; baseline 0 -22"><span class='ocrx_word' id='word_1_257' title='bbox 129 2955 249 3016; x_wconf 82' lang='lat' dir='ltr'><em>eodalee</em></span> <span class='ocrx_word' id='word_1_258' title='bbox 266 2978 318 3036; x_wconf 82' lang='lat' dir='ltr'><em>ego</em></span> <span class='ocrx_word' id='word_1_259' title='bbox 335 2960 451 3015; x_wconf 74' lang='lat' dir='ltr'><em>exetitie</em></span> <span class='ocrx_word' id='word_1_260' title='bbox 472 2963 533 3017; x_wconf 77' lang='lat' dir='ltr'><em>hon</em></span> <span class='ocrx_word' id='word_1_261' title='bbox 549 2979 609 3017; x_wconf 82' lang='lat' dir='ltr'><em>eece</em></span> <span class='ocrx_word' id='word_1_262' title='bbox 626 2955 792 3015; x_wconf 86' lang='lat' dir='ltr'><em>ullomodo</em></span> <span class='ocrx_word' id='word_1_263' title='bbox 810 2955 950 3016; x_wconf 71' lang='lat' dir='ltr'><em>domibus</em></span> <span class='ocrx_word' id='word_1_264' title='bbox 962 2954 1138 3031; x_wconf 77' lang='lat' dir='ltr'><em>exeeuedum,</em></span> <span class='ocrx_word' id='word_1_265' title='bbox 1159 2977 1214 3014; x_wconf 88' lang='lat' dir='ltr'><em>ne-</em></span> 
     </span>
     <span class='ocr_line' id='line_1_32' title="bbox 128 3039 1214 3123; baseline -0.004 -22"><span class='ocrx_word' id='word_1_266' title='bbox 128 3040 204 3101; x_wconf 89' lang='lat' dir='ltr'><em>dum</em></span> <span class='ocrx_word' id='word_1_267' title='bbox 219 3040 441 3101; x_wconf 87' lang='lat' dir='ltr'><em>abnoctandum</em></span> <span class='ocrx_word' id='word_1_268' title='bbox 456 3040 544 3101; x_wconf 88' lang='lat' dir='ltr'><em>inde:</em></span> <span class='ocrx_word' id='word_1_269' title='bbox 565 3041 651 3123; x_wconf 87' lang='lat' dir='ltr'><em>quod</em></span> <span class='ocrx_word' id='word_1_270' title='bbox 661 3044 805 3121; x_wconf 84' lang='lat' dir='ltr'><em>princepe</em></span> <span class='ocrx_word' id='word_1_271' title='bbox 816 3040 904 3101; x_wconf 80' lang='lat' dir='ltr'><em>eidue</em></span> <span class='ocrx_word' id='word_1_272' title='bbox 923 3039 1107 3122; x_wconf 87' lang='lat' dir='ltr'><em>(Saturnum</em></span> <span class='ocrx_word' id='word_1_273' title='bbox 1120 3060 1214 3098; x_wconf 77' lang='lat' dir='ltr'><em>voca·</em></span> 
     </span>
     <span class='ocr_line' id='line_1_33' title="bbox 128 3124 1215 3208; baseline -0.004 -23"><span class='ocrx_word' id='word_1_274' title='bbox 128 3126 214 3208; x_wconf 85' lang='lat' dir='ltr'><em>mue)</em></span> <span class='ocrx_word' id='word_1_275' title='bbox 237 3131 299 3187; x_wconf 91' lang='lat' dir='ltr'><em>iam</em></span> <span class='ocrx_word' id='word_1_276' title='bbox 316 3125 360 3183; x_wconf 90' lang='lat' dir='ltr'><em>od</em></span> <span class='ocrx_word' id='word_1_277' title='bbox 378 3148 530 3205; x_wconf 71' lang='lat' dir='ltr'><em>ueeperum</em></span> <span class='ocrx_word' id='word_1_278' title='bbox 550 3130 583 3191; x_wconf 85' lang='lat' dir='ltr'><em>in</em></span> <span class='ocrx_word' id='word_1_279' title='bbox 605 3138 793 3204; x_wconf 77' lang='lat' dir='ltr'><em>compactum</em></span> <span class='ocrx_word' id='word_1_280' title='bbox 808 3147 840 3185; x_wconf 87' lang='lat' dir='ltr'><em>ee</em></span> <span class='ocrx_word' id='word_1_281' title='bbox 861 3124 972 3201; x_wconf 85' lang='lat' dir='ltr'><em>dabat,</em></span> <span class='ocrx_word' id='word_1_282' title='bbox 993 3127 1085 3205; x_wconf 90' lang='lat' dir='ltr'><em>inque</em></span> <span class='ocrx_word' id='word_1_283' title='bbox 1098 3125 1215 3183; x_wconf 81' lang='lat' dir='ltr'><em>cimili-</em></span> 
     </span>
     <span class='ocr_line' id='line_1_34' title="bbox 128 3209 1214 3271; baseline -0.001 0"><span class='ocrx_word' id='word_1_284' title='bbox 128 3210 266 3271; x_wconf 84' lang='lat' dir='ltr'><em>tudinem</em></span> <span class='ocrx_word' id='word_1_285' title='bbox 287 3223 417 3270; x_wconf 84' lang='lat' dir='ltr'><em>naturae</em></span> <span class='ocrx_word' id='word_1_286' title='bbox 437 3214 502 3270; x_wconf 78' lang='lat' dir='ltr'><em>eiua</em></span> <span class='ocrx_word' id='word_1_287' title='bbox 516 3211 737 3271; x_wconf 82' lang='lat' dir='ltr'><em>immutabatur</em></span> <span class='ocrx_word' id='word_1_288' title='bbox 755 3218 816 3271; x_wconf 76' lang='lat' dir='ltr'><em>air.</em></span> <span class='ocrx_word' id='word_1_289' title='bbox 863 3209 1025 3271; x_wconf 77' lang='lat' dir='ltr'><em>Trauoibat</em></span> <span class='ocrx_word' id='word_1_290' title='bbox 1042 3213 1120 3268; x_wconf 87' lang='lat' dir='ltr'><em>enim</em></span> <span class='ocrx_word' id='word_1_291' title='bbox 1141 3219 1214 3270; x_wconf 77' lang='lat' dir='ltr'><em>tutto</em></span> 
     </span>
     <span class='ocr_line' id='line_1_35' title="bbox 120 3294 1214 3385; baseline 0.001 -29"><span class='ocrx_word' id='word_1_292' title='bbox 120 3299 284 3385; x_wconf 17' lang='lat' dir='ltr'><em>,Saturnus</em></span> <span class='ocrx_word' id='word_1_293' title='bbox 298 3300 380 3354; x_wconf 89' lang='lat' dir='ltr'><em>circa</em></span> <span class='ocrx_word' id='word_1_294' title='bbox 400 3298 494 3353; x_wconf 84' lang='lat' dir='ltr'><em>initia</em></span> <span class='ocrx_word' id='word_1_295' title='bbox 514 3299 657 3376; x_wconf 87' lang='lat' dir='ltr'><em>aquarii,</em></span> <span class='ocrx_word' id='word_1_296' title='bbox 678 3297 739 3355; x_wconf 83' lang='lat' dir='ltr'><em>cole</em></span> <span class='ocrx_word' id='word_1_297' title='bbox 758 3294 913 3353; x_wconf 84' lang='lat' dir='ltr'><em>brumalia</em></span> <span class='ocrx_word' id='word_1_298' title='bbox 926 3297 1018 3373; x_wconf 78' lang='lat' dir='ltr'><em>eigm</em></span> <span class='ocrx_word' id='word_1_299' title='bbox 1034 3304 1214 3373; x_wconf 81' lang='lat' dir='ltr'><em>permeante.</em></span> 
     </span>
     <span class='ocr_line' id='line_1_36' title="bbox 132 3377 1215 3461; baseline -0.003 -22"><span class='ocrx_word' id='word_1_300' title='bbox 132 3383 233 3459; x_wconf 80' lang='lat' dir='ltr'><em>Quare</em></span> <span class='ocrx_word' id='word_1_301' title='bbox 246 3393 418 3460; x_wconf 72' lang='lat' dir='ltr'><em>tempestae,</em></span> <span class='ocrx_word' id='word_1_302' title='bbox 441 3380 496 3439; x_wconf 84' lang='lat' dir='ltr'><em>ubi</em></span> <span class='ocrx_word' id='word_1_303' title='bbox 508 3382 597 3441; x_wconf 77' lang='lat' dir='ltr'><em>remei</em></span> <span class='ocrx_word' id='word_1_304' title='bbox 610 3391 792 3461; x_wconf 86' lang='lat' dir='ltr'><em>occoeperat,</em></span> <span class='ocrx_word' id='word_1_305' title='bbox 815 3377 860 3438; x_wconf 89' lang='lat' dir='ltr'><em>od</em></span> <span class='ocrx_word' id='word_1_306' title='bbox 868 3382 1012 3438; x_wconf 86' lang='lat' dir='ltr'><em>maiorem</em></span> <span class='ocrx_word' id='word_1_307' title='bbox 1022 3400 1135 3457; x_wconf 82' lang='lat' dir='ltr'><em>temper</em></span> <span class='ocrx_word' id='word_1_308' title='bbox 1144 3400 1215 3436; x_wconf 86' lang='lat' dir='ltr'><em>eae-</em></span> 
     </span>
     <span class='ocr_line' id='line_1_37' title="bbox 127 3463 1212 3547; baseline -0.006 -20"><span class='ocrx_word' id='word_1_309' title='bbox 127 3470 408 3547; x_wconf 76' lang='lat' dir='ltr'><em>vitiamprogreeca</em></span> <span class='ocrx_word' id='word_1_310' title='bbox 424 3476 483 3543; x_wconf 81' lang='lat' dir='ltr'><em>eet,</em></span> <span class='ocrx_word' id='word_1_311' title='bbox 505 3478 539 3525; x_wconf 88' lang='lat' dir='ltr'><em>ut</em></span> <span class='ocrx_word' id='word_1_312' title='bbox 555 3488 632 3545; x_wconf 88' lang='lat' dir='ltr'><em>quae</em></span> <span class='ocrx_word' id='word_1_313' title='bbox 641 3470 734 3546; x_wconf 80' lang='lat' dir='ltr'><em>princ</em></span> <span class='ocrx_word' id='word_1_314' title='bbox 752 3466 885 3543; x_wconf 83' lang='lat' dir='ltr'><em>terrifica</em></span> <span class='ocrx_word' id='word_1_315' title='bbox 902 3463 989 3522; x_wconf 83' lang='lat' dir='ltr'><em>nobie</em></span> <span class='ocrx_word' id='word_1_316' title='bbox 998 3465 1069 3521; x_wconf 79' lang='lat' dir='ltr'><em>vita</em></span> <span class='ocrx_word' id='word_1_317' title='bbox 1073 3466 1212 3540; x_wconf 85' lang='lat' dir='ltr'><em>fuerant,</em></span> 
     </span>
     <span class='ocr_line' id='line_1_38' title="bbox 129 3547 1213 3629; baseline -0.006 -18"><span class='ocrx_word' id='word_1_318' title='bbox 129 3558 198 3611; x_wconf 77' lang='lat' dir='ltr'><em>oum</em></span> <span class='ocrx_word' id='word_1_319' title='bbox 221 3551 466 3629; x_wconf 69' lang='lat' dir='ltr'><em>subsequentibuo</em></span> <span class='ocrx_word' id='word_1_320' title='bbox 481 3550 595 3609; x_wconf 86' lang='lat' dir='ltr'><em>collata</em></span> <span class='ocrx_word' id='word_1_321' title='bbox 619 3550 712 3609; x_wconf 66' lang='lat' dir='ltr'><em>ludus</em></span> <span class='ocrx_word' id='word_1_322' title='bbox 726 3570 856 3628; x_wconf 80' lang='lat' dir='ltr'><em>proreue</em></span> <span class='ocrx_word' id='word_1_323' title='bbox 870 3547 1060 3610; x_wconf 73' lang='lat' dir='ltr'><em>riderentur:</em></span> <span class='ocrx_word' id='word_1_324' title='bbox 1081 3558 1146 3605; x_wconf 87' lang='lat' dir='ltr'><em>tam</em></span> <span class='ocrx_word' id='word_1_325' title='bbox 1160 3548 1213 3604; x_wconf 87' lang='lat' dir='ltr'><em>lu-</em></span> 
     </span>
     <span class='ocr_line' id='line_1_39' title="bbox 130 3622 1213 3715; baseline -0.006 -20"><span class='ocrx_word' id='word_1_326' title='bbox 130 3622 263 3695; x_wconf 79' lang='lat' dir='ltr'><em>culebter</em></span> <span class='ocrx_word' id='word_1_327' title='bbox 275 3657 305 3692; x_wconf 80' lang='lat' dir='ltr'><em>oe</em></span> <span class='ocrx_word' id='word_1_328' title='bbox 316 3636 410 3693; x_wconf 85' lang='lat' dir='ltr'><em>leieme</em></span> <span class='ocrx_word' id='word_1_329' title='bbox 426 3640 663 3715; x_wconf 82' lang='lat' dir='ltr'><em>quoquovereun‘e</em></span> <span class='ocrx_word' id='word_1_330' title='bbox 677 3631 853 3715; x_wconf 72' lang='lat' dir='ltr'><em>diffuderm.</em></span> <span class='ocrx_word' id='word_1_331' title='bbox 894 3628 942 3699; x_wconf 83' lang='lat' dir='ltr'><em>Ibi</em></span> <span class='ocrx_word' id='word_1_332' title='bbox 955 3631 1058 3690; x_wconf 82' lang='lat' dir='ltr'><em>diebue</em></span> <span class='ocrx_word' id='word_1_333' title='bbox 1072 3632 1213 3710; x_wconf 86' lang='lat' dir='ltr'><em>complu·</em></span> 
     </span>
     <span class='ocr_line' id='line_1_40' title="bbox 129 3711 1214 3800; baseline -0.007 -21"><span class='ocrx_word' id='word_1_334' title='bbox 129 3718 217 3779; x_wconf 85' lang='lat' dir='ltr'><em>ribue</em></span> <span class='ocrx_word' id='word_1_335' title='bbox 230 3722 380 3796; x_wconf 72' lang='lat' dir='ltr'><em>confictio,</em></span> <span class='ocrx_word' id='word_1_336' title='bbox 400 3724 451 3779; x_wconf 76' lang='lat' dir='ltr'><em>rix</em></span> <span class='ocrx_word' id='word_1_337' title='bbox 463 3719 640 3800; x_wconf 86' lang='lat' dir='ltr'><em>tandemque</em></span> <span class='ocrx_word' id='word_1_338' title='bbox 653 3719 799 3798; x_wconf 82' lang='lat' dir='ltr'><em>cogitatio</em></span> <span class='ocrx_word' id='word_1_339' title='bbox 812 3719 921 3796; x_wconf 88' lang='lat' dir='ltr'><em>aliqua</em></span> <span class='ocrx_word' id='word_1_340' title='bbox 933 3714 1057 3775; x_wconf 84' lang='lat' dir='ltr'><em>domum</em></span> <span class='ocrx_word' id='word_1_341' title='bbox 1067 3711 1214 3773; x_wconf 83' lang='lat' dir='ltr'><em>redeundi</em></span> 
     </span>
     <span class='ocr_line' id='line_1_41' title="bbox 128 3796 1214 3887; baseline -0.004 -26"><span class='ocrx_word' id='word_1_342' title='bbox 128 3802 223 3863; x_wconf 83' lang='lat' dir='ltr'><em>aubiit</em></span> <span class='ocrx_word' id='word_1_343' title='bbox 232 3806 379 3879; x_wconf 86' lang='lat' dir='ltr'><em>animum,</em></span> <span class='ocrx_word' id='word_1_344' title='bbox 394 3810 461 3863; x_wconf 86' lang='lat' dir='ltr'><em>a&#39;c&#39;re</em></span> <span class='ocrx_word' id='word_1_345' title='bbox 471 3825 586 3887; x_wconf 88' lang='lat' dir='ltr'><em>quoque</em></span> <span class='ocrx_word' id='word_1_346' title='bbox 595 3807 740 3862; x_wconf 70' lang='lat' dir='ltr'><em>sereniore</em></span> <span class='ocrx_word' id='word_1_347' title='bbox 752 3822 784 3861; x_wconf 81' lang='lat' dir='ltr'><em>ee</em></span> <span class='ocrx_word' id='word_1_348' title='bbox 795 3810 1036 3882; x_wconf 86' lang='lat' dir='ltr'><em>repraeeentante.</em></span> <span class='ocrx_word' id='word_1_349' title='bbox 1059 3796 1134 3880; x_wconf 84' lang='lat'><em>(111.)</em></span> <span class='ocrx_word' id='word_1_350' title='bbox 1150 3798 1214 3857; x_wconf 84' lang='lat' dir='ltr'><em>Ita-</em></span> 
     </span>
     <span class='ocr_line' id='line_1_42' title="bbox 130 3884 1214 3969; baseline -0.005 -24"><span class='ocrx_word' id='word_1_351' title='bbox 130 3909 188 3968; x_wconf 90' lang='lat' dir='ltr'><em>que</em></span> <span class='ocrx_word' id='word_1_352' title='bbox 203 3890 313 3967; x_wconf 81' lang='lat' dir='ltr'><em>egrceei</em></span> <span class='ocrx_word' id='word_1_353' title='bbox 330 3909 454 3965; x_wconf 78' lang='lat' dir='ltr'><em>eumue,</em></span> <span class='ocrx_word' id='word_1_354' title='bbox 477 3889 515 3947; x_wconf 87' lang='lat' dir='ltr'><em>ab</em></span> <span class='ocrx_word' id='word_1_355' title='bbox 532 3890 640 3947; x_wconf 74' lang='lat' dir='ltr'><em>incolis</em></span> <span class='ocrx_word' id='word_1_356' title='bbox 654 3884 809 3969; x_wconf 81' lang='lat' dir='ltr'><em>eplmdide</em></span> <span class='ocrx_word' id='word_1_357' title='bbox 825 3888 952 3964; x_wconf 69' lang='lat' dir='ltr'><em>stipati:</em></span> <span class='ocrx_word' id='word_1_358' title='bbox 974 3904 1074 3943; x_wconf 81' lang='lat' dir='ltr'><em>amaea</em></span> <span class='ocrx_word' id='word_1_359' title='bbox 1088 3905 1134 3941; x_wconf 89' lang='lat' dir='ltr'><em>me</em></span> <span class='ocrx_word' id='word_1_360' title='bbox 1145 3902 1214 3941; x_wconf 86' lang='lat' dir='ltr'><em>ma·</em></span> 
     </span>
     <span class='ocr_line' id='line_1_43' title="bbox 129 3969 1215 4052; baseline -0.006 -21"><span class='ocrx_word' id='word_1_361' title='bbox 129 3972 221 4031; x_wconf 86' lang='lat' dir='ltr'><em>nibue</em></span> <span class='ocrx_word' id='word_1_362' title='bbox 236 3974 394 4051; x_wconf 86' lang='lat' dir='ltr'><em>comploeic</em></span> <span class='ocrx_word' id='word_1_363' title='bbox 406 3970 590 4052; x_wconf 81' lang='lat' dir='ltr'><em>approbant,</em></span> <span class='ocrx_word' id='word_1_364' title='bbox 612 3994 657 4031; x_wconf 91' lang='lat' dir='ltr'><em>me</em></span> <span class='ocrx_word' id='word_1_365' title='bbox 669 3984 817 4052; x_wconf 88' lang='lat' dir='ltr'><em>tanquam</em></span> <span class='ocrx_word' id='word_1_366' title='bbox 830 3971 1032 4029; x_wconf 68' lang='lat' dir='ltr'><em>moeremium</em></span> <span class='ocrx_word' id='word_1_367' title='bbox 1042 3969 1215 4048; x_wconf 80' lang='lat' dir='ltr'><em>unuequia-</em></span> 
     </span>
     <span class='ocr_line' id='line_1_44' title="bbox 130 4048 1214 4137; baseline -0.002 -24"><span class='ocrx_word' id='word_1_368' title='bbox 130 4078 188 4137; x_wconf 89' lang='lat' dir='ltr'><em>quc</em></span> <span class='ocrx_word' id='word_1_369' title='bbox 200 4078 292 4115; x_wconf 83' lang='lat' dir='ltr'><em>auum</em></span> <span class='ocrx_word' id='word_1_370' title='bbox 304 4060 435 4135; x_wconf 79' lang='lat' dir='ltr'><em>recpicit,</em></span> <span class='ocrx_word' id='word_1_371' title='bbox 456 4056 533 4114; x_wconf 76' lang='lat' dir='ltr'><em>milti</em></span> <span class='ocrx_word' id='word_1_372' title='bbox 545 4048 680 4117; x_wconf 81' lang='lat' dir='ltr'><em>maxima</em></span> <span class='ocrx_word' id='word_1_373' title='bbox 687 4066 841 4137; x_wconf 86' lang='lat' dir='ltr'><em>precatur.</em></span> <span class='ocrx_word' id='word_1_374' title='bbox 876 4056 946 4115; x_wconf 87' lang='lat' dir='ltr'><em>Hoc</em></span> <span class='ocrx_word' id='word_1_375' title='bbox 958 4050 1007 4117; x_wconf 83' lang='lat' dir='ltr'><em>dte</em></span> <span class='ocrx_word' id='word_1_376' title='bbox 1017 4051 1122 4111; x_wconf 83' lang='lat' dir='ltr'><em>etadia</em></span> <span class='ocrx_word' id='word_1_377' title='bbox 1133 4070 1214 4128; x_wconf 76' lang='lat' dir='ltr'><em>axx,</em></span> 
     </span>
     <span class='ocr_line' id='line_1_45' title="bbox 128 4136 1212 4221; baseline -0.006 -22"><span class='ocrx_word' id='word_1_378' title='bbox 128 4143 423 4221; x_wconf 79' lang='lat' dir='ltr'><em>nequeillaintegra,</em></span> <span class='ocrx_word' id='word_1_379' title='bbox 440 4144 665 4219; x_wconf 79' lang='lat' dir='ltr'><em>ementitumua,</em></span> <span class='ocrx_word' id='word_1_380' title='bbox 680 4141 771 4221; x_wconf 90' lang='lat' dir='ltr'><em>idque</em></span> <span class='ocrx_word' id='word_1_381' title='bbox 775 4143 964 4221; x_wconf 67' lang='lat' dir='ltr'><em>praegnatia</em></span> <span class='ocrx_word' id='word_1_382' title='bbox 978 4150 1046 4197; x_wconf 87' lang='lat' dir='ltr'><em>ante</em></span> <span class='ocrx_word' id='word_1_383' title='bbox 1058 4158 1113 4196; x_wconf 83' lang='lat' dir='ltr'><em>reae</em></span> <span class='ocrx_word' id='word_1_384' title='bbox 1126 4136 1212 4210; x_wconf 66' lang='lat' dir='ltr'><em>aliea,</em></span> 
     </span>
     <span class='ocr_line' id='line_1_46' title="bbox 130 4218 1213 4303; baseline -0.006 -20"><span class='ocrx_word' id='word_1_385' title='bbox 130 4230 186 4303; x_wconf 87' lang='lat' dir='ltr'><em>qui</em></span> <span class='ocrx_word' id='word_1_386' title='bbox 207 4222 372 4284; x_wconf 81' lang='lat' dir='ltr'><em>maximam</em></span> <span class='ocrx_word' id='word_1_387' title='bbox 390 4228 452 4283; x_wconf 80' lang='lat' dir='ltr'><em>vim</em></span> <span class='ocrx_word' id='word_1_388' title='bbox 469 4226 633 4284; x_wconf 78' lang='lat' dir='ltr'><em>niaic&#39;iom</em></span> <span class='ocrx_word' id='word_1_389' title='bbox 652 4226 850 4287; x_wconf 75' lang='lat' dir='ltr'><em>dimoverant.</em></span> <span class='ocrx_word' id='word_1_390' title='bbox 891 4222 1045 4285; x_wconf 68' lang='lat' dir='ltr'><em>Postridie</em></span> <span class='ocrx_word' id='word_1_391' title='bbox 1065 4226 1131 4280; x_wconf 80' lang='lat' dir='ltr'><em>eiua</em></span> <span class='ocrx_word' id='word_1_392' title='bbox 1151 4218 1213 4277; x_wconf 89' lang='lat' dir='ltr'><em>diei</em></span> 
     </span>
     <span class='ocr_line' id='line_1_47' title="bbox 130 4306 1214 4392; baseline 0.003 -26"><span class='ocrx_word' id='word_1_393' title='bbox 130 4310 234 4369; x_wconf 78' lang='lat' dir='ltr'><em>atatim</em></span> <span class='ocrx_word' id='word_1_394' title='bbox 249 4332 270 4371; x_wconf 88' lang='lat' dir='ltr'><em>a</em></span> <span class='ocrx_word' id='word_1_395' title='bbox 279 4312 435 4391; x_wconf 87' lang='lat' dir='ltr'><em>principio</em></span> <span class='ocrx_word' id='word_1_396' title='bbox 449 4306 633 4391; x_wconf 77' lang='lat' dir='ltr'><em>difficillime</em></span> <span class='ocrx_word' id='word_1_397' title='bbox 645 4307 933 4392; x_wconf 79' lang='lat' dir='ltr'><em>progrediebamur,</em></span> <span class='ocrx_word' id='word_1_398' title='bbox 954 4321 1103 4388; x_wconf 84' lang='lat' dir='ltr'><em>tanquam</em></span> <span class='ocrx_word' id='word_1_399' title='bbox 1116 4308 1150 4364; x_wconf 78' lang='lat' dir='ltr'><em>in</em></span> <span class='ocrx_word' id='word_1_400' title='bbox 1157 4325 1214 4384; x_wconf 81' lang='lat' dir='ltr'><em>pt·</em></span> 
     </span>
    </p>
   </div>
   <div class='ocr_carea' id='block_1_3' title="bbox 0 0 1484 4850">
    <p class='ocr_par' dir='ltr' id='par_1_3' title="bbox 0 0 1484 4850">
     <span class='ocr_line' id='line_1_48' title="bbox 0 0 1484 4850; baseline 0 0"><span class='ocrx_word' id='word_1_401' title='bbox 0 0 1484 4850; x_wconf 95' lang='lat' dir='ltr'><em> </em></span> 
     </span>
    </p>
   </div>
  </div>
 </body>
</html>
