<?xml version="1.0" encoding="UTF-8"?>
<!DOCTYPE html PUBLIC "-//W3C//DTD XHTML 1.0 Transitional//EN"
    "http://www.w3.org/TR/xhtml1/DTD/xhtml1-transitional.dtd">
<html xmlns="http://www.w3.org/1999/xhtml" xml:lang="en" lang="en">
 <head>
  <title>
</title>
<meta http-equiv="Content-Type" content="text/html;charset=utf-8" />
  <meta name='ocr-system' content='tesseract 3.04.00' />
  <meta name='ocr-capabilities' content='ocr_page ocr_carea ocr_par ocr_line ocrx_word'/>
</head>
<body>
  <div class='ocr_page' id='page_1' title='image "./corpusscriptoru00theogoog/corpusscriptoru00theogoog_0464.png"; bbox 0 0 2959 4850; ppageno 0'>
   <div class='ocr_carea' id='block_1_1' title="bbox 235 257 1016 334">
    <p class='ocr_par' dir='ltr' id='par_1_1' title="bbox 235 257 1016 334">
     <span class='ocr_line' id='line_1_1' title="bbox 235 257 1016 334; baseline 0.001 -2"><span class='ocrx_word' id='word_1_1' title='bbox 235 257 311 332; x_wconf 72' lang='lat'><em>368</em></span> <span class='ocrx_word' id='word_1_2' title='bbox 532 261 795 334; x_wconf 82' lang='lat' dir='ltr'><strong>LUITPRANDI</strong></span> <span class='ocrx_word' id='word_1_3' title='bbox 819 262 1016 333; x_wconf 81' lang='lat' dir='ltr'><strong>LEGATIO</strong></span> 
     </span>
    </p>
   </div>
   <div class='ocr_carea' id='block_1_2' title="bbox 313 418 1193 2032">
    <p class='ocr_par' dir='ltr' id='par_1_2' title="bbox 313 418 1193 1097">
     <span class='ocr_line' id='line_1_2' title="bbox 315 418 1193 505; baseline -0.001 -18"><span class='ocrx_word' id='word_1_4' title='bbox 315 424 500 505; x_wconf 77' lang='lat' dir='ltr'><em>Argolicum</em></span> <span class='ocrx_word' id='word_1_5' title='bbox 510 442 573 481; x_wconf 88' lang='lat' dir='ltr'><em>non</em></span> <span class='ocrx_word' id='word_1_6' title='bbox 584 433 655 481; x_wconf 85' lang='lat' dir='ltr'><em>tuto</em></span> <span class='ocrx_word' id='word_1_7' title='bbox 661 418 761 503; x_wconf 73' lang='lat' dir='ltr'><em>fider:</em></span> <span class='ocrx_word' id='word_1_8' title='bbox 785 421 971 502; x_wconf 70' lang='lat' dir='ltr'><em>proculato</em></span> <span class='ocrx_word' id='word_1_9' title='bbox 985 424 1110 485; x_wconf 75' lang='lat' dir='ltr'><em>Latine.</em></span> <span class='ocrx_word' id='word_1_10' title='bbox 1191 475 1193 486; x_wconf 92' lang='lat'><em>.</em></span> 
     </span>
     <span class='ocr_line' id='line_1_3' title="bbox 319 504 1096 585; baseline -0.003 -14"><span class='ocrx_word' id='word_1_11' title='bbox 319 508 456 585; x_wconf 77' lang='lat' dir='ltr'><em>Credere,</em></span> <span class='ocrx_word' id='word_1_12' title='bbox 476 528 530 569; x_wconf 89' lang='lat' dir='ltr'><em>nec</em></span> <span class='ocrx_word' id='word_1_13' title='bbox 542 518 667 567; x_wconf 84' lang='lat' dir='ltr'><em>mentem</em></span> <span class='ocrx_word' id='word_1_14' title='bbox 678 507 777 567; x_wconf 83' lang='lat' dir='ltr'><em>verbio</em></span> <span class='ocrx_word' id='word_1_15' title='bbox 788 504 929 566; x_wconf 69' lang='lat' dir='ltr'><em>adium</em></span> <span class='ocrx_word' id='word_1_16' title='bbox 941 520 1096 569; x_wconf 84' lang='lat' dir='ltr'><em>memento.</em></span> 
     </span>
     <span class='ocr_line' id='line_1_4' title="bbox 322 591 1160 673; baseline -0.002 -17"><span class='ocrx_word' id='word_1_17' title='bbox 322 596 446 657; x_wconf 80' lang='lat' dir='ltr'><em>Vincere</em></span> <span class='ocrx_word' id='word_1_18' title='bbox 459 592 533 651; x_wconf 82' lang='lat' dir='ltr'><em>dum</em></span> <span class='ocrx_word' id='word_1_19' title='bbox 548 596 663 671; x_wconf 78' lang='lat' dir='ltr'><em>poerit,</em></span> <span class='ocrx_word' id='word_1_20' title='bbox 687 613 781 673; x_wconf 84' lang='lat' dir='ltr'><em>quam</em></span> <span class='ocrx_word' id='word_1_21' title='bbox 793 602 895 651; x_wconf 78' lang='lat' dir='ltr'><em>cuncte</em></span> <span class='ocrx_word' id='word_1_22' title='bbox 904 596 1022 672; x_wconf 84' lang='lat' dir='ltr'><em>peierat</em></span> <span class='ocrx_word' id='word_1_23' title='bbox 1036 591 1160 672; x_wconf 77' lang='lat' dir='ltr'><em>Argoa!</em></span> 
     </span>
     <span class='ocr_line' id='line_1_5' title="bbox 316 678 1133 757; baseline -0.005 -18"><span class='ocrx_word' id='word_1_24' title='bbox 316 681 469 739; x_wconf 86' lang='lat' dir='ltr'><em>Marmore</em></span> <span class='ocrx_word' id='word_1_25' title='bbox 483 698 562 757; x_wconf 86' lang='lat' dir='ltr'><em>quae</em></span> <span class='ocrx_word' id='word_1_26' title='bbox 577 680 662 735; x_wconf 78' lang='lat' dir='ltr'><em>vario</em></span> <span class='ocrx_word' id='word_1_27' title='bbox 676 680 799 757; x_wconf 75' lang='lat' dir='ltr'><em>magnis</em></span> <span class='ocrx_word' id='word_1_28' title='bbox 806 688 895 757; x_wconf 86' lang='lat' dir='ltr'><em>potet</em></span> <span class='ocrx_word' id='word_1_29' title='bbox 906 678 974 735; x_wconf 85' lang='lat' dir='ltr'><em>alta</em></span> <span class='ocrx_word' id='word_1_30' title='bbox 985 679 1133 755; x_wconf 82' lang='lat' dir='ltr'><em>seneetrie</em></span> 
     </span>
     <span class='ocr_line' id='line_1_6' title="bbox 315 760 1069 842; baseline -0.005 -19"><span class='ocrx_word' id='word_1_31' title='bbox 315 766 404 823; x_wconf 86' lang='lat' dir='ltr'><em>Haec</em></span> <span class='ocrx_word' id='word_1_32' title='bbox 419 766 571 842; x_wconf 71' lang='lat' dir='ltr'><em>inaquoso</em></span> <span class='ocrx_word' id='word_1_33' title='bbox 583 760 705 838; x_wconf 73' lang='lat' dir='ltr'><em>domne,</em></span> <span class='ocrx_word' id='word_1_34' title='bbox 728 762 868 821; x_wconf 83' lang='lat' dir='ltr'><em>conclueo</em></span> <span class='ocrx_word' id='word_1_35' title='bbox 879 764 986 841; x_wconf 80' lang='lat' dir='ltr'><em>pervia</em></span> <span class='ocrx_word' id='word_1_36' title='bbox 998 762 1069 837; x_wconf 87' lang='lat' dir='ltr'><em>eoli,</em></span> 
     </span>
     <span class='ocr_line' id='line_1_7' title="bbox 314 846 1124 927; baseline 0 -19"><span class='ocrx_word' id='word_1_37' title='bbox 314 850 447 927; x_wconf 78' lang='lat' dir='ltr'><em>Frigora</em></span> <span class='ocrx_word' id='word_1_38' title='bbox 461 849 629 927; x_wconf 57' lang='lat' dir='ltr'><em>euecmiene</em></span> <span class='ocrx_word' id='word_1_39' title='bbox 635 890 646 919; x_wconf 84' lang='lat'><em>,</em></span> <span class='ocrx_word' id='word_1_40' title='bbox 668 858 785 905; x_wconf 76' lang='lat' dir='ltr'><em>aretum</em></span> <span class='ocrx_word' id='word_1_41' title='bbox 799 868 852 905; x_wconf 90' lang='lat' dir='ltr'><em>nec</em></span> <span class='ocrx_word' id='word_1_42' title='bbox 861 868 955 905; x_wconf 80' lang='lat' dir='ltr'><em>coevo</em></span> <span class='ocrx_word' id='word_1_43' title='bbox 969 846 1124 927; x_wconf 73' lang='lat' dir='ltr'><em>repellent.</em></span> 
     </span>
     <span class='ocr_line' id='line_1_8' title="bbox 313 930 1174 1011; baseline -0.003 -19"><span class='ocrx_word' id='word_1_44' title='bbox 313 934 448 992; x_wconf 86' lang='lat' dir='ltr'><em>Praeeul</em></span> <span class='ocrx_word' id='word_1_45' title='bbox 459 932 497 991; x_wconf 86' lang='lat' dir='ltr'><em>ab</em></span> <span class='ocrx_word' id='word_1_46' title='bbox 508 932 651 991; x_wconf 69' lang='lat' dir='ltr'><em>Aceronia</em></span> <span class='ocrx_word' id='word_1_47' title='bbox 661 930 878 1011; x_wconf 81' lang='lat' dir='ltr'><em>Luitprnndue</em></span> <span class='ocrx_word' id='word_1_48' title='bbox 893 934 927 989; x_wconf 91' lang='lat' dir='ltr'><em>in</em></span> <span class='ocrx_word' id='word_1_49' title='bbox 938 932 1011 991; x_wconf 81' lang='lat' dir='ltr'><em>urbe</em></span> <span class='ocrx_word' id='word_1_50' title='bbox 1027 931 1174 992; x_wconf 73' lang='lat' dir='ltr'><em>Orontem</em></span> 
     </span>
     <span class='ocr_line' id='line_1_9' title="bbox 317 1018 1004 1097; baseline -0.006 -18"><span class='ocrx_word' id='word_1_51' title='bbox 317 1018 610 1097; x_wconf 81' lang='lat' dir='ltr'><em>Conetantinopolim</em></span> <span class='ocrx_word' id='word_1_52' title='bbox 625 1020 717 1097; x_wconf 79' lang='lat' dir='ltr'><em>pecie</em></span> <span class='ocrx_word' id='word_1_53' title='bbox 734 1020 891 1095; x_wconf 75' lang='lat' dir='ltr'><em>profictue</em></span> <span class='ocrx_word' id='word_1_54' title='bbox 903 1038 1004 1076; x_wconf 85' lang='lat' dir='ltr'><em>anaore</em></span> 
     </span>
    </p>

    <p class='ocr_par' dir='ltr' id='par_1_3' title="bbox 319 1100 1191 1438">
     <span class='ocr_line' id='line_1_10' title="bbox 319 1100 1053 1181; baseline 0.001 -21"><span class='ocrx_word' id='word_1_55' title='bbox 319 1104 473 1181; x_wconf 74' lang='lat' dir='ltr'><em>Quattuor</em></span> <span class='ocrx_word' id='word_1_56' title='bbox 488 1105 611 1162; x_wconf 80' lang='lat' dir='ltr'><em>aeetivie</em></span> <span class='ocrx_word' id='word_1_57' title='bbox 624 1100 788 1161; x_wconf 84' lang='lat' dir='ltr'><em>concludor</em></span> <span class='ocrx_word' id='word_1_58' title='bbox 802 1102 954 1161; x_wconf 85' lang='lat' dir='ltr'><em>meneibne</em></span> <span class='ocrx_word' id='word_1_59' title='bbox 968 1104 1053 1161; x_wconf 83' lang='lat' dir='ltr'><em>ietic:</em></span> 
     </span>
     <span class='ocr_line' id='line_1_11' title="bbox 323 1184 1133 1267; baseline -0.002 -20"><span class='ocrx_word' id='word_1_60' title='bbox 323 1186 526 1267; x_wconf 76' lang='lat' dir='ltr'><em>induperator</em></span> <span class='ocrx_word' id='word_1_61' title='bbox 542 1190 621 1246; x_wconf 88' lang='lat' dir='ltr'><em>enim</em></span> <span class='ocrx_word' id='word_1_62' title='bbox 633 1192 753 1247; x_wconf 82' lang='lat' dir='ltr'><em>Boreae</em></span> <span class='ocrx_word' id='word_1_63' title='bbox 766 1184 809 1261; x_wconf 78' lang='lat'><em>³⁶)</em></span> <span class='ocrx_word' id='word_1_64' title='bbox 826 1186 1036 1246; x_wconf 68' lang='lat' dir='ltr'><em>conscenderat</em></span> <span class='ocrx_word' id='word_1_65' title='bbox 1053 1188 1133 1261; x_wconf 84' lang='lat' dir='ltr'><em>oreo,</em></span> 
     </span>
     <span class='ocr_line' id='line_1_12' title="bbox 322 1270 1191 1353; baseline -0.002 -21"><span class='ocrx_word' id='word_1_66' title='bbox 322 1271 421 1333; x_wconf 82' lang='lat' dir='ltr'><em>Caede</em></span> <span class='ocrx_word' id='word_1_67' title='bbox 433 1272 539 1348; x_wconf 77' lang='lat' dir='ltr'><em>aimeri,</em></span> <span class='ocrx_word' id='word_1_68' title='bbox 554 1275 754 1353; x_wconf 67' lang='lat' dir='ltr'><em>flammisque</em></span> <span class='ocrx_word' id='word_1_69' title='bbox 766 1271 826 1330; x_wconf 80' lang='lat' dir='ltr'><em>eibi</em></span> <span class='ocrx_word' id='word_1_70' title='bbox 840 1274 909 1331; x_wconf 86' lang='lat' dir='ltr'><em>loca</em></span> <span class='ocrx_word' id='word_1_71' title='bbox 923 1270 1047 1332; x_wconf 70' lang='lat' dir='ltr'><em>oubam</em></span> <span class='ocrx_word' id='word_1_72' title='bbox 1061 1283 1191 1348; x_wconf 78' lang='lat' dir='ltr'><em>remane,</em></span> 
     </span>
     <span class='ocr_line' id='line_1_13' title="bbox 319 1356 1099 1438; baseline -0.003 -21"><span class='ocrx_word' id='word_1_73' title='bbox 319 1356 381 1417; x_wconf 84' lang='lat' dir='ltr'><em>Sed</em></span> <span class='ocrx_word' id='word_1_74' title='bbox 393 1358 537 1438; x_wconf 84' lang='lat' dir='ltr'><em>precibue</em></span> <span class='ocrx_word' id='word_1_75' title='bbox 549 1370 659 1416; x_wconf 80' lang='lat' dir='ltr'><em>remeat</em></span> <span class='ocrx_word' id='word_1_76' title='bbox 672 1360 830 1420; x_wconf 81' lang='lat' dir='ltr'><em>Romanae</em></span> <span class='ocrx_word' id='word_1_77' title='bbox 844 1361 941 1417; x_wconf 81' lang='lat' dir='ltr'><em>victor</em></span> <span class='ocrx_word' id='word_1_78' title='bbox 953 1356 999 1416; x_wconf 81' lang='lat' dir='ltr'><em>nd</em></span> <span class='ocrx_word' id='word_1_79' title='bbox 1010 1357 1099 1416; x_wconf 79' lang='lat' dir='ltr'><em>urire</em></span> 
     </span>
    </p>

    <p class='ocr_par' dir='ltr' id='par_1_4' title="bbox 319 1440 1110 1605">
     <span class='ocr_line' id='line_1_14' title="bbox 319 1440 1110 1523; baseline -0.004 -19"><span class='ocrx_word' id='word_1_80' title='bbox 319 1442 394 1504; x_wconf 82' lang='lat' dir='ltr'><em>Inde</em></span> <span class='ocrx_word' id='word_1_81' title='bbox 406 1446 488 1504; x_wconf 84' lang='lat' dir='ltr'><em>meie.</em></span> <span class='ocrx_word' id='word_1_82' title='bbox 531 1445 653 1503; x_wconf 84' lang='lat' dir='ltr'><em>Nurum</em></span> <span class='ocrx_word' id='word_1_83' title='bbox 667 1446 813 1523; x_wconf 72' lang='lat' dir='ltr'><em>promitit</em></span> <span class='ocrx_word' id='word_1_84' title='bbox 829 1444 960 1502; x_wconf 84' lang='lat' dir='ltr'><em>Graecia</em></span> <span class='ocrx_word' id='word_1_85' title='bbox 973 1440 1110 1523; x_wconf 76' lang='lat' dir='ltr'><em>nundaer,</em></span> 
     </span>
     <span class='ocr_line' id='line_1_15' title="bbox 321 1526 1064 1605; baseline 0 -20"><span class='ocrx_word' id='word_1_86' title='bbox 321 1530 409 1605; x_wconf 80' lang='lat' dir='ltr'><em>Quae</em></span> <span class='ocrx_word' id='word_1_87' title='bbox 423 1548 475 1585; x_wconf 90' lang='lat' dir='ltr'><em>nec</em></span> <span class='ocrx_word' id='word_1_88' title='bbox 486 1540 564 1588; x_wconf 85' lang='lat' dir='ltr'><em>natu</em></span> <span class='ocrx_word' id='word_1_89' title='bbox 569 1531 669 1605; x_wconf 86' lang='lat' dir='ltr'><em>foret,</em></span> <span class='ocrx_word' id='word_1_90' title='bbox 691 1549 745 1585; x_wconf 83' lang='lat' dir='ltr'><em>nec</em></span> <span class='ocrx_word' id='word_1_91' title='bbox 760 1549 807 1586; x_wconf 90' lang='lat' dir='ltr'><em>me</em></span> <span class='ocrx_word' id='word_1_92' title='bbox 818 1530 932 1586; x_wconf 83' lang='lat' dir='ltr'><em>veniere</em></span> <span class='ocrx_word' id='word_1_93' title='bbox 944 1526 1064 1603; x_wconf 84' lang='lat' dir='ltr'><em>doleret,</em></span> 
     </span>
    </p>

    <p class='ocr_par' dir='ltr' id='par_1_5' title="bbox 314 1611 1115 1861">
     <span class='ocr_line' id='line_1_16' title="bbox 318 1611 1115 1692; baseline -0.003 -21"><span class='ocrx_word' id='word_1_94' title='bbox 318 1613 381 1671; x_wconf 85' lang='lat' dir='ltr'><em>Nec</em></span> <span class='ocrx_word' id='word_1_95' title='bbox 389 1611 507 1671; x_wconf 84' lang='lat' dir='ltr'><em>rabiem</em></span> <span class='ocrx_word' id='word_1_96' title='bbox 522 1613 687 1691; x_wconf 72' lang='lat' dir='ltr'><em>Mceplrore</em></span> <span class='ocrx_word' id='word_1_97' title='bbox 701 1623 788 1671; x_wconf 85' lang='lat' dir='ltr'><em>tuam</em></span> <span class='ocrx_word' id='word_1_98' title='bbox 796 1613 975 1692; x_wconf 82' lang='lat' dir='ltr'><em>perpendere</em></span> <span class='ocrx_word' id='word_1_99' title='bbox 988 1614 1115 1692; x_wconf 81' lang='lat' dir='ltr'><em>quirem,</em></span> 
     </span>
     <span class='ocr_line' id='line_1_17' title="bbox 314 1697 1083 1778; baseline -0.001 -21"><span class='ocrx_word' id='word_1_100' title='bbox 314 1698 498 1776; x_wconf 75' lang='lat' dir='ltr'><em>Privignum</em></span> <span class='ocrx_word' id='word_1_101' title='bbox 511 1698 670 1776; x_wconf 79' lang='lat' dir='ltr'><em>prohibeo,</em></span> <span class='ocrx_word' id='word_1_102' title='bbox 693 1700 749 1777; x_wconf 85' lang='lat' dir='ltr'><em>qui</em></span> <span class='ocrx_word' id='word_1_103' title='bbox 761 1710 834 1757; x_wconf 85' lang='lat' dir='ltr'><em>noto</em></span> <span class='ocrx_word' id='word_1_104' title='bbox 846 1702 970 1778; x_wconf 78' lang='lat' dir='ltr'><em>iungere</em></span> <span class='ocrx_word' id='word_1_105' title='bbox 982 1697 1083 1756; x_wconf 81' lang='lat' dir='ltr'><em>herili.</em></span> 
     </span>
     <span class='ocr_line' id='line_1_18' title="bbox 314 1780 1065 1861; baseline -0.001 -20"><span class='ocrx_word' id='word_1_106' title='bbox 314 1781 453 1841; x_wconf 79' lang='lat' dir='ltr'><em>Imminet</em></span> <span class='ocrx_word' id='word_1_107' title='bbox 465 1804 526 1840; x_wconf 86' lang='lat' dir='ltr'><em>ecce</em></span> <span class='ocrx_word' id='word_1_108' title='bbox 540 1780 605 1840; x_wconf 83' lang='lat' dir='ltr'><em>dier</em></span> <span class='ocrx_word' id='word_1_109' title='bbox 613 1784 718 1859; x_wconf 83' lang='lat' dir='ltr'><em>furiie</em></span> <span class='ocrx_word' id='word_1_110' title='bbox 732 1803 801 1840; x_wconf 86' lang='lat' dir='ltr'><em>cum</em></span> <span class='ocrx_word' id='word_1_111' title='bbox 811 1784 925 1861; x_wconf 85' lang='lat' dir='ltr'><em>puleue</em></span> <span class='ocrx_word' id='word_1_112' title='bbox 938 1782 1065 1858; x_wconf 84' lang='lat' dir='ltr'><em>acerbie,</em></span> 
     </span>
    </p>

    <p class='ocr_par' dir='ltr' id='par_1_6' title="bbox 317 1866 1011 1943">
     <span class='ocr_line' id='line_1_19' title="bbox 317 1866 1011 1943; baseline 0 -18"><span class='ocrx_word' id='word_1_113' title='bbox 317 1866 363 1925; x_wconf 77' lang='lat' dir='ltr'><strong>M</strong></span> <span class='ocrx_word' id='word_1_114' title='bbox 377 1868 465 1925; x_wconf 81' lang='lat' dir='ltr'><em>Deua</em></span> <span class='ocrx_word' id='word_1_115' title='bbox 476 1878 608 1943; x_wconf 84' lang='lat' dir='ltr'><em>avertat,</em></span> <span class='ocrx_word' id='word_1_116' title='bbox 632 1878 693 1925; x_wconf 88' lang='lat' dir='ltr'><em>toto</em></span> <span class='ocrx_word' id='word_1_117' title='bbox 709 1868 799 1925; x_wconf 86' lang='lat' dir='ltr'><em>Mure</em></span> <span class='ocrx_word' id='word_1_118' title='bbox 807 1872 920 1926; x_wconf 76' lang='lat' dir='ltr'><em>eueniet</em></span> <span class='ocrx_word' id='word_1_119' title='bbox 934 1868 1011 1941; x_wconf 83' lang='lat' dir='ltr'><em>orire,</em></span> 
     </span>
    </p>

    <p class='ocr_par' dir='ltr' id='par_1_7' title="bbox 318 1951 1084 2032">
     <span class='ocr_line' id='line_1_20' title="bbox 318 1951 1084 2032; baseline -0.003 -21"><span class='ocrx_word' id='word_1_120' title='bbox 318 1951 465 2028; x_wconf 85' lang='lat' dir='ltr'><em>Crimine,</em></span> <span class='ocrx_word' id='word_1_121' title='bbox 482 1974 603 2032; x_wconf 80' lang='lat' dir='ltr'><em>poaque</em></span> <span class='ocrx_word' id='word_1_122' title='bbox 618 1964 671 2011; x_wconf 88' lang='lat' dir='ltr'><em>tuo</em></span> <span class='ocrx_word' id='word_1_123' title='bbox 686 1954 805 2010; x_wconf 70' lang='lat' dir='ltr'><em>cunctis</em></span> <span class='ocrx_word' id='word_1_124' title='bbox 821 1951 958 2031; x_wconf 84' lang='lat' dir='ltr'><em>optanda</em></span> <span class='ocrx_word' id='word_1_125' title='bbox 973 1951 1084 2011; x_wconf 75' lang='lat' dir='ltr'><em>silebit.</em></span> 
     </span>
    </p>
   </div>
   <div class='ocr_carea' id='block_1_3' title="bbox 117 2066 1323 3680">
    <p class='ocr_par' dir='ltr' id='par_1_8' title="bbox 117 2066 1323 2356">
     <span class='ocr_line' id='line_1_21' title="bbox 117 2066 1323 2151; baseline 0.002 -22"><span class='ocrx_word' id='word_1_126' title='bbox 117 2076 148 2129; x_wconf 86' lang='lat' dir='ltr'><em>P.</em></span> <span class='ocrx_word' id='word_1_127' title='bbox 164 2070 216 2131; x_wconf 79' lang='lat'><em>488</em></span> <span class='ocrx_word' id='word_1_128' title='bbox 232 2066 287 2128; x_wconf 86' lang='lat' dir='ltr'><em>Hie</em></span> <span class='ocrx_word' id='word_1_129' title='bbox 309 2069 488 2151; x_wconf 77' lang='lat' dir='ltr'><em>conscriptis</em></span> <span class='ocrx_word' id='word_1_130' title='bbox 510 2070 645 2130; x_wconf 68' lang='lat' dir='ltr'><em>versibus</em></span> <span class='ocrx_word' id='word_1_131' title='bbox 663 2078 749 2129; x_wconf 85' lang='lat' dir='ltr'><em>aexto</em></span> <span class='ocrx_word' id='word_1_132' title='bbox 768 2070 869 2131; x_wconf 82' lang='lat' dir='ltr'><em>Nonae</em></span> <span class='ocrx_word' id='word_1_133' title='bbox 890 2071 1028 2133; x_wconf 89' lang='lat' dir='ltr'><em>Octobria</em></span> <span class='ocrx_word' id='word_1_134' title='bbox 1050 2070 1126 2132; x_wconf 86' lang='lat' dir='ltr'><em>hora</em></span> <span class='ocrx_word' id='word_1_135' title='bbox 1149 2069 1264 2131; x_wconf 79' lang='lat' dir='ltr'><em>decim</em></span> <span class='ocrx_word' id='word_1_136' title='bbox 1283 2088 1323 2131; x_wconf 76' lang='lat' dir='ltr'><em>ex</em></span> 
     </span>
     <span class='ocr_line' id='line_1_22' title="bbox 123 2143 1323 2253; baseline 0.002 -22"><span class='ocrx_word' id='word_1_137' title='bbox 123 2143 180 2198; x_wconf 61' lang='grc' dir='ltr'><em>ω·</em></span> <span class='ocrx_word' id='word_1_138' title='bbox 197 2150 212 2203; x_wconf 74' lang='grc' dir='ltr'><strong>Ῑ</strong></span> <span class='ocrx_word' id='word_1_139' title='bbox 229 2172 282 2231; x_wconf 83' lang='lat' dir='ltr'><em>illa</em></span> <span class='ocrx_word' id='word_1_140' title='bbox 300 2173 450 2252; x_wconf 85' lang='lat' dir='ltr'><em>quondam</em></span> <span class='ocrx_word' id='word_1_141' title='bbox 463 2172 685 2251; x_wconf 76' lang='lat' dir='ltr'><em>opulentissima</em></span> <span class='ocrx_word' id='word_1_142' title='bbox 704 2182 733 2232; x_wconf 90' lang='lat' dir='ltr'><em>et</em></span> <span class='ocrx_word' id='word_1_143' title='bbox 744 2173 969 2251; x_wconf 78' lang='lat' dir='ltr'><em>florentimima‚</em></span> <span class='ocrx_word' id='word_1_144' title='bbox 991 2192 1073 2231; x_wconf 91' lang='lat' dir='ltr'><em>nunc</em></span> <span class='ocrx_word' id='word_1_145' title='bbox 1084 2173 1228 2252; x_wconf 81' lang='lat' dir='ltr'><em>famelica,</em></span> <span class='ocrx_word' id='word_1_146' title='bbox 1249 2192 1323 2253; x_wconf 86' lang='lat' dir='ltr'><em>per-</em></span> 
     </span>
     <span class='ocr_line' id='line_1_23' title="bbox 230 2273 1322 2356; baseline 0.003 -24"><span class='ocrx_word' id='word_1_147' title='bbox 230 2275 312 2353; x_wconf 85' lang='lat' dir='ltr'><em>iure,</em></span> <span class='ocrx_word' id='word_1_148' title='bbox 331 2275 489 2343; x_wconf 79' lang='lat' dir='ltr'><em>mendace,</em></span> <span class='ocrx_word' id='word_1_149' title='bbox 514 2274 632 2349; x_wconf 75' lang='lat' dir='ltr'><em>dolosa,</em></span> <span class='ocrx_word' id='word_1_150' title='bbox 653 2294 775 2354; x_wconf 86' lang='lat' dir='ltr'><em>rapace,</em></span> <span class='ocrx_word' id='word_1_151' title='bbox 800 2275 927 2356; x_wconf 85' lang='lat' dir='ltr'><em>cupida,</em></span> <span class='ocrx_word' id='word_1_152' title='bbox 949 2295 1058 2353; x_wconf 80' lang='lat' dir='ltr'><em>avara,</em></span> <span class='ocrx_word' id='word_1_153' title='bbox 1081 2274 1233 2335; x_wconf 73' lang='lat' dir='ltr'><em>cenodoxa</em></span> <span class='ocrx_word' id='word_1_154' title='bbox 1247 2273 1322 2335; x_wconf 80' lang='lat' dir='ltr'><em>civi-</em></span> 
     </span>
    </p>

    <p class='ocr_par' dir='ltr' id='par_1_9' title="bbox 230 2375 1321 2459">
     <span class='ocr_line' id='line_1_24' title="bbox 230 2375 1321 2459; baseline 0.001 -24"><span class='ocrx_word' id='word_1_155' title='bbox 230 2383 290 2436; x_wconf 85' lang='lat' dir='ltr'><em>tate</em></span> <span class='ocrx_word' id='word_1_156' title='bbox 306 2395 373 2435; x_wconf 89' lang='lat' dir='ltr'><em>cum</em></span> <span class='ocrx_word' id='word_1_157' title='bbox 390 2375 518 2436; x_wconf 73' lang='lat' dir='ltr'><em>diasoste</em></span> <span class='ocrx_word' id='word_1_158' title='bbox 534 2394 600 2436; x_wconf 89' lang='lat' dir='ltr'><em>meo</em></span> <span class='ocrx_word' id='word_1_159' title='bbox 612 2376 704 2436; x_wconf 79' lang='lat' dir='ltr'><em>lintre</em></span> <span class='ocrx_word' id='word_1_160' title='bbox 724 2396 874 2458; x_wconf 84' lang='lat' dir='ltr'><em>egreeaua,</em></span> <span class='ocrx_word' id='word_1_161' title='bbox 894 2378 998 2440; x_wconf 88' lang='lat' dir='ltr'><em>dicbua</em></span> <span class='ocrx_word' id='word_1_162' title='bbox 1018 2376 1209 2459; x_wconf 71' lang='lat' dir='ltr'><em>quadraginta</em></span> <span class='ocrx_word' id='word_1_163' title='bbox 1223 2384 1253 2436; x_wconf 88' lang='lat' dir='ltr'><em>et</em></span> <span class='ocrx_word' id='word_1_164' title='bbox 1266 2394 1321 2436; x_wconf 84' lang='lat' dir='ltr'><em>no·</em></span> 
     </span>
    </p>

    <p class='ocr_par' dir='ltr' id='par_1_10' title="bbox 229 2475 1323 2671">
     <span class='ocr_line' id='line_1_25' title="bbox 229 2475 1322 2560; baseline -0.002 -22"><span class='ocrx_word' id='word_1_165' title='bbox 229 2496 314 2555; x_wconf 79' lang='lat' dir='ltr'><em>vem,</em></span> <span class='ocrx_word' id='word_1_166' title='bbox 337 2475 490 2546; x_wconf 74' lang='lat' dir='ltr'><em>asinando.</em></span> <span class='ocrx_word' id='word_1_167' title='bbox 513 2477 700 2555; x_wconf 83' lang='lat' dir='ltr'><em>ambulando,</em></span> <span class='ocrx_word' id='word_1_168' title='bbox 724 2480 894 2560; x_wconf 78' lang='lat' dir='ltr'><em>equitando,</em></span> <span class='ocrx_word' id='word_1_169' title='bbox 917 2481 1088 2557; x_wconf 86' lang='lat' dir='ltr'><em>ieiunando,</em></span> <span class='ocrx_word' id='word_1_170' title='bbox 1107 2477 1251 2553; x_wconf 76' lang='lat' dir='ltr'><em>sitiendo,</em></span> <span class='ocrx_word' id='word_1_171' title='bbox 1271 2495 1322 2536; x_wconf 82' lang='lat' dir='ltr'><em>eu·</em></span> 
     </span>
     <span class='ocr_line' id='line_1_26' title="bbox 230 2576 1323 2671; baseline -0.001 -32"><span class='ocrx_word' id='word_1_172' title='bbox 230 2578 388 2658; x_wconf 73' lang='lat' dir='ltr'><em>spirando,</em></span> <span class='ocrx_word' id='word_1_173' title='bbox 410 2576 528 2655; x_wconf 88' lang='lat' dir='ltr'><em>flendo,</em></span> <span class='ocrx_word' id='word_1_174' title='bbox 549 2581 690 2657; x_wconf 80' lang='lat' dir='ltr'><em>gemendo</em></span> <span class='ocrx_word' id='word_1_175' title='bbox 713 2581 901 2661; x_wconf 71' lang='lat' dir='ltr'><em>Naupactum</em></span> <span class='ocrx_word' id='word_1_176' title='bbox 919 2580 1004 2658; x_wconf 83' lang='lat' dir='ltr'><em>veni,</em></span> <span class='ocrx_word' id='word_1_177' title='bbox 1026 2599 1102 2671; x_wconf 80' lang='lat' dir='ltr'><em>quaa</em></span> <span class='ocrx_word' id='word_1_178' title='bbox 1122 2589 1168 2639; x_wconf 86' lang='lat' dir='ltr'><em>eat</em></span> <span class='ocrx_word' id='word_1_179' title='bbox 1186 2579 1323 2659; x_wconf 88' lang='lat' dir='ltr'><em>Nicopo-</em></span> 
     </span>
    </p>

    <p class='ocr_par' dir='ltr' id='par_1_11' title="bbox 228 2680 1323 2866">
     <span class='ocr_line' id='line_1_27' title="bbox 228 2680 1321 2762; baseline 0 -20"><span class='ocrx_word' id='word_1_180' title='bbox 228 2681 290 2742; x_wconf 85' lang='lat' dir='ltr'><em>leoa</em></span> <span class='ocrx_word' id='word_1_181' title='bbox 304 2681 426 2743; x_wconf 80' lang='lat' dir='ltr'><em>civitae:</em></span> <span class='ocrx_word' id='word_1_182' title='bbox 447 2681 480 2741; x_wconf 89' lang='lat' dir='ltr'><em>in</em></span> <span class='ocrx_word' id='word_1_183' title='bbox 500 2701 558 2761; x_wconf 86' lang='lat' dir='ltr'><em>qua</em></span> <span class='ocrx_word' id='word_1_184' title='bbox 582 2681 723 2742; x_wconf 74' lang='lat' dir='ltr'><em>dioecetas</em></span> <span class='ocrx_word' id='word_1_185' title='bbox 740 2703 824 2742; x_wconf 85' lang='lat' dir='ltr'><em>meua</em></span> <span class='ocrx_word' id='word_1_186' title='bbox 846 2703 894 2744; x_wconf 89' lang='lat' dir='ltr'><em>me</em></span> <span class='ocrx_word' id='word_1_187' title='bbox 920 2683 1056 2744; x_wconf 66' lang='lat' dir='ltr'><em>duareno</em></span> <span class='ocrx_word' id='word_1_188' title='bbox 1081 2681 1196 2742; x_wconf 87' lang='lat' dir='ltr'><em>daabua</em></span> <span class='ocrx_word' id='word_1_189' title='bbox 1218 2680 1321 2762; x_wconf 67' lang='lat' dir='ltr'><em>partia</em></span> 
     </span>
     <span class='ocr_line' id='line_1_28' title="bbox 229 2783 1323 2866; baseline 0 -24"><span class='ocrx_word' id='word_1_190' title='bbox 229 2783 402 2866; x_wconf 75' lang='lat' dir='ltr'><em>impositum</em></span> <span class='ocrx_word' id='word_1_191' title='bbox 416 2783 542 2846; x_wconf 77' lang='lat' dir='ltr'><em>navibus</em></span> <span class='ocrx_word' id='word_1_192' title='bbox 560 2783 676 2844; x_wconf 88' lang='lat' dir='ltr'><em>duobue</em></span> <span class='ocrx_word' id='word_1_193' title='bbox 689 2805 736 2844; x_wconf 89' lang='lat' dir='ltr'><em>me</em></span> <span class='ocrx_word' id='word_1_194' title='bbox 751 2785 984 2863; x_wconf 86' lang='lat' dir='ltr'><em>mandatoribm,</em></span> <span class='ocrx_word' id='word_1_195' title='bbox 1006 2784 1058 2864; x_wconf 86' lang='lat' dir='ltr'><em>qai</em></span> <span class='ocrx_word' id='word_1_196' title='bbox 1071 2783 1259 2864; x_wconf 83' lang='lat' dir='ltr'><em>Hydruntem</em></span> <span class='ocrx_word' id='word_1_197' title='bbox 1273 2801 1323 2842; x_wconf 91' lang='lat' dir='ltr'><em>me</em></span> 
     </span>
    </p>

    <p class='ocr_par' dir='ltr' id='par_1_12' title="bbox 228 2881 1321 2967">
     <span class='ocr_line' id='line_1_29' title="bbox 228 2881 1321 2967; baseline -0.005 -19"><span class='ocrx_word' id='word_1_198' title='bbox 228 2905 284 2967; x_wconf 87' lang='lat' dir='ltr'><em>per</em></span> <span class='ocrx_word' id='word_1_199' title='bbox 300 2907 382 2947; x_wconf 83' lang='lat' dir='ltr'><em>mare</em></span> <span class='ocrx_word' id='word_1_200' title='bbox 397 2886 611 2964; x_wconf 86' lang='lat' dir='ltr'><em>conducerent,</em></span> <span class='ocrx_word' id='word_1_201' title='bbox 635 2887 864 2952; x_wconf 84' lang='lat' dir='ltr'><em>commendavit.</em></span> <span class='ocrx_word' id='word_1_202' title='bbox 907 2887 1018 2949; x_wconf 87' lang='lat' dir='ltr'><em>Verum</em></span> <span class='ocrx_word' id='word_1_203' title='bbox 1041 2905 1111 2946; x_wconf 85' lang='lat' dir='ltr'><em>cum</em></span> <span class='ocrx_word' id='word_1_204' title='bbox 1130 2885 1260 2962; x_wconf 84' lang='lat' dir='ltr'><em>eutelio,</em></span> <span class='ocrx_word' id='word_1_205' title='bbox 1286 2881 1321 2942; x_wconf 89' lang='lat' dir='ltr'><em>id</em></span> 
     </span>
    </p>

    <p class='ocr_par' dir='ltr' id='par_1_13' title="bbox 202 2982 1321 3582">
     <span class='ocr_line' id='line_1_30' title="bbox 229 2982 1321 3071; baseline -0.003 -26"><span class='ocrx_word' id='word_1_206' title='bbox 229 2996 274 3046; x_wconf 85' lang='lat' dir='ltr'><em>eet</em></span> <span class='ocrx_word' id='word_1_207' title='bbox 289 2997 482 3069; x_wconf 84' lang='lat' dir='ltr'><em>praeceptum</em></span> <span class='ocrx_word' id='word_1_208' title='bbox 498 2989 544 3050; x_wconf 87' lang='lat' dir='ltr'><em>iue</em></span> <span class='ocrx_word' id='word_1_209' title='bbox 566 2991 712 3071; x_wconf 76' lang='lat' dir='ltr'><em>captionis</em></span> <span class='ocrx_word' id='word_1_210' title='bbox 737 3011 754 3054; x_wconf 77' lang='lat' dir='ltr'><em>e</em></span> <span class='ocrx_word' id='word_1_211' title='bbox 772 2989 955 3051; x_wconf 84' lang='lat' dir='ltr'><em>Graecorum</em></span> <span class='ocrx_word' id='word_1_212' title='bbox 971 2988 1161 3069; x_wconf 85' lang='lat' dir='ltr'><em>Principibua</em></span> <span class='ocrx_word' id='word_1_213' title='bbox 1177 3005 1239 3047; x_wconf 90' lang='lat' dir='ltr'><em>non</em></span> <span class='ocrx_word' id='word_1_214' title='bbox 1260 2982 1321 3042; x_wconf 81' lang='lat' dir='ltr'><em>lra-</em></span> 
     </span>
     <span class='ocr_line' id='line_1_31' title="bbox 228 3083 1320 3173; baseline 0.001 -27"><span class='ocrx_word' id='word_1_215' title='bbox 228 3083 348 3165; x_wconf 86' lang='lat' dir='ltr'><em>berent,</em></span> <span class='ocrx_word' id='word_1_216' title='bbox 370 3089 474 3149; x_wconf 88' lang='lat' dir='ltr'><em>ubiubi</em></span> <span class='ocrx_word' id='word_1_217' title='bbox 500 3095 732 3173; x_wconf 81' lang='lat' dir='ltr'><em>spernebantur:</em></span> <span class='ocrx_word' id='word_1_218' title='bbox 753 3113 809 3152; x_wconf 87' lang='lat' dir='ltr'><em>nec</em></span> <span class='ocrx_word' id='word_1_219' title='bbox 827 3093 887 3152; x_wconf 88' lang='lat' dir='ltr'><em>iam</em></span> <span class='ocrx_word' id='word_1_220' title='bbox 903 3111 960 3152; x_wconf 83' lang='lat' dir='ltr'><em>noe</em></span> <span class='ocrx_word' id='word_1_221' title='bbox 981 3092 1018 3151; x_wconf 87' lang='lat' dir='ltr'><em>ab</em></span> <span class='ocrx_word' id='word_1_222' title='bbox 1038 3089 1129 3170; x_wconf 82' lang='lat' dir='ltr'><em>ipaia,</em></span> <span class='ocrx_word' id='word_1_223' title='bbox 1151 3088 1205 3148; x_wconf 81' lang='lat' dir='ltr'><em>ced</em></span> <span class='ocrx_word' id='word_1_224' title='bbox 1224 3085 1283 3166; x_wconf 81' lang='lat' dir='ltr'><em>ipoi</em></span> <span class='ocrx_word' id='word_1_225' title='bbox 1301 3105 1320 3142; x_wconf 81' lang='lat' dir='ltr'><em>a</em></span> 
     </span>
     <span class='ocr_line' id='line_1_32' title="bbox 202 3187 1321 3274; baseline -0.002 -28"><span class='ocrx_word' id='word_1_226' title='bbox 202 3187 318 3248; x_wconf 81' lang='lat' dir='ltr'><em>Baebia</em></span> <span class='ocrx_word' id='word_1_227' title='bbox 331 3188 494 3250; x_wconf 86' lang='lat' dir='ltr'><em>alebantur.</em></span> <span class='ocrx_word' id='word_1_228' title='bbox 537 3191 633 3265; x_wconf 88' lang='lat' dir='ltr'><em>Quam</em></span> <span class='ocrx_word' id='word_1_229' title='bbox 653 3215 740 3274; x_wconf 84' lang='lat' dir='ltr'><em>eaepe</em></span> <span class='ocrx_word' id='word_1_230' title='bbox 759 3195 839 3256; x_wconf 83' lang='lat' dir='ltr'><em>illud</em></span> <span class='ocrx_word' id='word_1_231' title='bbox 853 3195 1062 3254; x_wconf 84' lang='lat' dir='ltr'><em>Terentianum</em></span> <span class='ocrx_word' id='word_1_232' title='bbox 1080 3209 1195 3252; x_wconf 89' lang='lat' dir='ltr'><em>mecum</em></span> <span class='ocrx_word' id='word_1_233' title='bbox 1209 3197 1321 3248; x_wconf 82' lang='lat' dir='ltr'><em>atoma-</em></span> 
     </span>
     <span class='ocr_line' id='line_1_33' title="bbox 229 3287 1321 3374; baseline -0.003 -24"><span class='ocrx_word' id='word_1_234' title='bbox 229 3288 355 3352; x_wconf 79' lang='lat' dir='ltr'><em>chabare</em></span> <span class='ocrx_word' id='word_1_235' title='bbox 376 3291 486 3352; x_wconf 82' lang='lat' dir='ltr'><em>Tutore</em></span> <span class='ocrx_word' id='word_1_236' title='bbox 505 3313 580 3372; x_wconf 87' lang='lat' dir='ltr'><em>opua</em></span> <span class='ocrx_word' id='word_1_237' title='bbox 602 3302 663 3370; x_wconf 86' lang='lat' dir='ltr'><em>eet,</em></span> <span class='ocrx_word' id='word_1_238' title='bbox 686 3313 763 3373; x_wconf 88' lang='lat' dir='ltr'><em>quoe</em></span> <span class='ocrx_word' id='word_1_239' title='bbox 782 3295 951 3355; x_wconf 74' lang='lat' dir='ltr'><em>defensores</em></span> <span class='ocrx_word' id='word_1_240' title='bbox 976 3315 1074 3374; x_wconf 82' lang='lat' dir='ltr'><em>parea.</em></span> <span class='ocrx_word' id='word_1_241' title='bbox 1114 3292 1208 3370; x_wconf 79' lang='lat' dir='ltr'><em>Igitur</em></span> <span class='ocrx_word' id='word_1_242' title='bbox 1226 3287 1321 3350; x_wconf 82' lang='lat' dir='ltr'><em>Nouia</em></span> 
     </span>
     <span class='ocr_line' id='line_1_34' title="bbox 228 3387 1321 3476; baseline 0 -24"><span class='ocrx_word' id='word_1_243' title='bbox 228 3392 354 3455; x_wconf 86' lang='lat' dir='ltr'><em>Kalend.</em></span> <span class='ocrx_word' id='word_1_244' title='bbox 380 3393 514 3454; x_wconf 89' lang='lat' dir='ltr'><em>Decemb.</em></span> <span class='ocrx_word' id='word_1_245' title='bbox 535 3393 722 3476; x_wconf 85' lang='lat' dir='ltr'><em>Naupactum</em></span> <span class='ocrx_word' id='word_1_246' title='bbox 751 3414 899 3474; x_wconf 61' lang='lat' dir='ltr'><em>emmona,</em></span> <span class='ocrx_word' id='word_1_247' title='bbox 929 3395 1021 3455; x_wconf 86' lang='lat' dir='ltr'><em>biduo</em></span> <span class='ocrx_word' id='word_1_248' title='bbox 1042 3394 1082 3454; x_wconf 86' lang='lat' dir='ltr'><em>ed</em></span> <span class='ocrx_word' id='word_1_249' title='bbox 1104 3391 1261 3454; x_wconf 85' lang='lat' dir='ltr'><em>offidarim</em></span> <span class='ocrx_word' id='word_1_250' title='bbox 1274 3387 1321 3470; x_wconf 76' lang='lat'><em>⁰⁷)</em></span> 
     </span>
     <span class='ocr_line' id='line_1_35' title="bbox 227 3492 1321 3582; baseline 0.001 -28"><span class='ocrx_word' id='word_1_251' title='bbox 227 3492 356 3554; x_wconf 80' lang='lat' dir='ltr'><em>fluvium</em></span> <span class='ocrx_word' id='word_1_252' title='bbox 376 3513 470 3575; x_wconf 84' lang='lat' dir='ltr'><em>uaque</em></span> <span class='ocrx_word' id='word_1_253' title='bbox 492 3497 631 3578; x_wconf 85' lang='lat' dir='ltr'><em>perveni,</em></span> <span class='ocrx_word' id='word_1_254' title='bbox 653 3506 689 3556; x_wconf 88' lang='lat' dir='ltr'><em>ut</em></span> <span class='ocrx_word' id='word_1_255' title='bbox 700 3492 743 3582; x_wconf 81' lang='lat'><em>³⁸)</em></span> <span class='ocrx_word' id='word_1_256' title='bbox 763 3497 837 3556; x_wconf 80' lang='lat' dir='ltr'><em>meio</em></span> <span class='ocrx_word' id='word_1_257' title='bbox 855 3495 1011 3557; x_wconf 85' lang='lat' dir='ltr'><em>comitibae</em></span> <span class='ocrx_word' id='word_1_258' title='bbox 1031 3515 1093 3556; x_wconf 88' lang='lat' dir='ltr'><em>non</em></span> <span class='ocrx_word' id='word_1_259' title='bbox 1113 3494 1148 3555; x_wconf 90' lang='lat' dir='ltr'><em>in</em></span> <span class='ocrx_word' id='word_1_260' title='bbox 1162 3492 1321 3572; x_wconf 79' lang='lat' dir='ltr'><em>naviculia,</em></span> 
     </span>
    </p>

    <p class='ocr_par' dir='ltr' id='par_1_14' title="bbox 228 3597 1322 3680">
     <span class='ocr_line' id='line_1_36' title="bbox 228 3597 1322 3680; baseline 0.001 -25"><span class='ocrx_word' id='word_1_261' title='bbox 228 3615 303 3676; x_wconf 83' lang='lat' dir='ltr'><em>quae</em></span> <span class='ocrx_word' id='word_1_262' title='bbox 317 3615 366 3656; x_wconf 87' lang='lat' dir='ltr'><em>eoa</em></span> <span class='ocrx_word' id='word_1_263' title='bbox 385 3617 490 3678; x_wconf 86' lang='lat' dir='ltr'><em>capere</em></span> <span class='ocrx_word' id='word_1_264' title='bbox 504 3618 567 3658; x_wconf 89' lang='lat' dir='ltr'><em>non</em></span> <span class='ocrx_word' id='word_1_265' title='bbox 584 3607 737 3680; x_wconf 88' lang='lat' dir='ltr'><em>poterant,</em></span> <span class='ocrx_word' id='word_1_266' title='bbox 758 3597 974 3677; x_wconf 85' lang='lat' dir='ltr'><em>reoidentibna,</em></span> <span class='ocrx_word' id='word_1_267' title='bbox 997 3600 1050 3660; x_wconf 84' lang='lat' dir='ltr'><em>eod</em></span> <span class='ocrx_word' id='word_1_268' title='bbox 1065 3615 1149 3658; x_wconf 83' lang='lat' dir='ltr'><em>aecae</em></span> <span class='ocrx_word' id='word_1_269' title='bbox 1162 3597 1237 3658; x_wconf 77' lang='lat' dir='ltr'><em>litae</em></span> <span class='ocrx_word' id='word_1_270' title='bbox 1253 3615 1322 3678; x_wconf 85' lang='lat' dir='ltr'><em>per·</em></span> 
     </span>
    </p>
   </div>
   <div class='ocr_carea' id='block_1_4' title="bbox 227 3697 1323 4082">
    <p class='ocr_par' dir='ltr' id='par_1_15' title="bbox 227 3697 1323 4082">
     <span class='ocr_line' id='line_1_37' title="bbox 228 3697 1323 3783; baseline -0.001 -24"><span class='ocrx_word' id='word_1_271' title='bbox 228 3697 375 3778; x_wconf 83' lang='lat' dir='ltr'><em>gentibue.</em></span> <span class='ocrx_word' id='word_1_272' title='bbox 417 3701 511 3764; x_wconf 85' lang='lat' dir='ltr'><em>Poaiti</em></span> <span class='ocrx_word' id='word_1_273' title='bbox 525 3700 626 3783; x_wconf 86' lang='lat' dir='ltr'><em>itaque</em></span> <span class='ocrx_word' id='word_1_274' title='bbox 638 3701 670 3762; x_wconf 86' lang='lat' dir='ltr'><em>in</em></span> <span class='ocrx_word' id='word_1_275' title='bbox 687 3699 822 3762; x_wconf 84' lang='lat' dir='ltr'><em>Offidaro</em></span> <span class='ocrx_word' id='word_1_276' title='bbox 835 3700 973 3779; x_wconf 84' lang='lat' dir='ltr'><em>flumine,</em></span> <span class='ocrx_word' id='word_1_277' title='bbox 994 3700 1098 3760; x_wconf 80' lang='lat' dir='ltr'><em>Petrae</em></span> <span class='ocrx_word' id='word_1_278' title='bbox 1112 3699 1171 3759; x_wconf 91' lang='lat' dir='ltr'><em>alio</em></span> <span class='ocrx_word' id='word_1_279' title='bbox 1184 3698 1274 3759; x_wconf 83' lang='lat' dir='ltr'><em>marie</em></span> <span class='ocrx_word' id='word_1_280' title='bbox 1287 3697 1323 3758; x_wconf 88' lang='lat' dir='ltr'><em>in</em></span> 
     </span>
     <span class='ocr_line' id='line_1_38' title="bbox 228 3798 1322 3886; baseline -0.001 -27"><span class='ocrx_word' id='word_1_281' title='bbox 228 3799 318 3861; x_wconf 88' lang='lat' dir='ltr'><em>litora</em></span> <span class='ocrx_word' id='word_1_282' title='bbox 335 3803 437 3862; x_wconf 88' lang='lat' dir='ltr'><em>decem</em></span> <span class='ocrx_word' id='word_1_283' title='bbox 449 3813 479 3864; x_wconf 87' lang='lat' dir='ltr'><em>et</em></span> <span class='ocrx_word' id='word_1_284' title='bbox 495 3813 563 3864; x_wconf 85' lang='lat' dir='ltr'><em>octo</em></span> <span class='ocrx_word' id='word_1_285' title='bbox 577 3802 752 3867; x_wconf 87' lang='lat' dir='ltr'><em>milliaribua</em></span> <span class='ocrx_word' id='word_1_286' title='bbox 771 3803 881 3864; x_wconf 78' lang='lat' dir='ltr'><em>dictare</em></span> <span class='ocrx_word' id='word_1_287' title='bbox 893 3803 1118 3886; x_wconf 75' lang='lat' dir='ltr'><em>proepeximaae</em></span> <span class='ocrx_word' id='word_1_288' title='bbox 1139 3819 1227 3880; x_wconf 88' lang='lat' dir='ltr'><em>quem</em></span> <span class='ocrx_word' id='word_1_289' title='bbox 1239 3798 1322 3880; x_wconf 78' lang='lat' dir='ltr'><em>Apo·</em></span> 
     </span>
     <span class='ocr_line' id='line_1_39' title="bbox 229 3901 1322 3987; baseline 0.003 -28"><span class='ocrx_word' id='word_1_290' title='bbox 229 3901 349 3962; x_wconf 84' lang='lat' dir='ltr'><em>atolicae</em></span> <span class='ocrx_word' id='word_1_291' title='bbox 356 3905 501 3982; x_wconf 76' lang='lat' dir='ltr'><em>panionia</em></span> <span class='ocrx_word' id='word_1_292' title='bbox 513 3905 625 3983; x_wconf 86' lang='lat' dir='ltr'><em>locum,</em></span> <span class='ocrx_word' id='word_1_293' title='bbox 640 3906 711 3986; x_wconf 81' lang='lat' dir='ltr'><em>quia</em></span> <span class='ocrx_word' id='word_1_294' title='bbox 720 3905 1008 3987; x_wconf 55' lang='lat' dir='ltr'><em>Constantinopolim</em></span> <span class='ocrx_word' id='word_1_295' title='bbox 1021 3901 1207 3965; x_wconf 74' lang='lat' dir='ltr'><em>ascendendo</em></span> <span class='ocrx_word' id='word_1_296' title='bbox 1213 3901 1322 3962; x_wconf 73' lang='lat' dir='ltr'><em>visita-</em></span> 
     </span>
     <span class='ocr_line' id='line_1_40' title="bbox 227 3998 1322 4082; baseline -0.004 -19"><span class='ocrx_word' id='word_1_297' title='bbox 227 4001 341 4076; x_wconf 78' lang='lat' dir='ltr'><em>vianae,</em></span> <span class='ocrx_word' id='word_1_298' title='bbox 362 4004 566 4066; x_wconf 84' lang='lat' dir='ltr'><em>adoravimua:</em></span> <span class='ocrx_word' id='word_1_299' title='bbox 605 4027 688 4069; x_wconf 85' lang='lat' dir='ltr'><em>nunc</em></span> <span class='ocrx_word' id='word_1_300' title='bbox 713 4025 782 4068; x_wconf 89' lang='lat' dir='ltr'><em>eum</em></span> <span class='ocrx_word' id='word_1_301' title='bbox 810 4007 934 4070; x_wconf 80' lang='lat' dir='ltr'><em>viaitere</em></span> <span class='ocrx_word' id='word_1_302' title='bbox 952 4015 984 4067; x_wconf 88' lang='lat' dir='ltr'><em>et</em></span> <span class='ocrx_word' id='word_1_303' title='bbox 1004 4005 1130 4068; x_wconf 82' lang='lat' dir='ltr'><em>adorare</em></span> <span class='ocrx_word' id='word_1_304' title='bbox 1155 3998 1322 4082; x_wconf 75' lang='lat' dir='ltr'><em>(confiteor</em></span> 
     </span>
    </p>
   </div>
   <div class='ocr_carea' id='block_1_5' title="bbox 261 4143 1322 4300">
    <p class='ocr_par' dir='ltr' id='par_1_16' title="bbox 261 4143 1322 4300">
     <span class='ocr_line' id='line_1_41' title="bbox 261 4143 1322 4227; baseline -0.005 -17"><span class='ocrx_word' id='word_1_305' title='bbox 261 4153 311 4222; x_wconf 79' lang='lat'><em>³6)</em></span> <span class='ocrx_word' id='word_1_306' title='bbox 327 4155 399 4208; x_wconf 79' lang='lat' dir='ltr'><em>Fert.</em></span> <span class='ocrx_word' id='word_1_307' title='bbox 413 4153 522 4224; x_wconf 81' lang='lat' dir='ltr'><em>Barim,</em></span> <span class='ocrx_word' id='word_1_308' title='bbox 540 4155 596 4210; x_wconf 82' lang='lat' dir='ltr'><em>aiva</em></span> <span class='ocrx_word' id='word_1_309' title='bbox 618 4155 735 4211; x_wconf 80' lang='lat' dir='ltr'><em>Barium.</em></span> <span class='ocrx_word' id='word_1_310' title='bbox 762 4155 845 4213; x_wconf 72' lang='lat' dir='ltr'><em>Mar.</em></span> <span class='ocrx_word' id='word_1_311' title='bbox 912 4143 962 4227; x_wconf 66' lang='lat' dir='ltr'><em>di)</em></span> <span class='ocrx_word' id='word_1_312' title='bbox 984 4153 1056 4212; x_wconf 77' lang='lat' dir='ltr'><em>tun</em></span> <span class='ocrx_word' id='word_1_313' title='bbox 1071 4150 1226 4227; x_wconf 67' lang='lat' dir='ltr'><em>Opiiioie‘a.</em></span> <span class='ocrx_word' id='word_1_314' title='bbox 1245 4150 1322 4207; x_wconf 72' lang='lat' dir='ltr'><em>Gon·</em></span> 
     </span>
     <span class='ocr_line' id='line_1_42' title="bbox 261 4223 721 4300; baseline 0 -20"><span class='ocrx_word' id='word_1_315' title='bbox 261 4224 311 4295; x_wconf 80' lang='grc'><em>38)</em></span> <span class='ocrx_word' id='word_1_316' title='bbox 333 4223 418 4281; x_wconf 76' lang='lat' dir='ltr'><em>Luem</em></span> <span class='ocrx_word' id='word_1_317' title='bbox 433 4224 607 4300; x_wconf 74' lang='lat' dir='ltr'><em>imperfectae.</em></span> <span class='ocrx_word' id='word_1_318' title='bbox 637 4225 721 4280; x_wconf 80' lang='lat' dir='ltr'><em>Mur.</em></span> 
     </span>
    </p>
   </div>
   <div class='ocr_carea' id='block_1_6' title="bbox 0 0 1484 4850">
    <p class='ocr_par' dir='ltr' id='par_1_17' title="bbox 0 0 1484 4850">
     <span class='ocr_line' id='line_1_43' title="bbox 0 0 1484 4850; baseline 0 1"><span class='ocrx_word' id='word_1_319' title='bbox 0 0 1484 4850; x_wconf 95' lang='lat' dir='ltr'><em> </em></span> 
     </span>
    </p>
   </div>
  </div>
 </body>
</html>
