2959 4850
437 291 496 361 ult
516 287 803 359 NIOEPHORUM
823 288 1018 361 PHOCAM.
1198 278 1273 353 347

178 474 238 517 nus
258 472 341 515 meus
363 451 507 529 contulit,
537 469 606 513 cum
632 446 774 531 Apuliam
803 466 922 509 omnem
947 447 1089 529 potestati
1114 447 1273 523 cnidium,

178 578 242 619 nou
262 574 330 617 meo
347 555 536 633 interventu,
559 552 644 615 cuius
657 550 717 613 hoc
735 552 922 630 suggestione
939 551 1054 613 nmlum
1077 552 1189 611 fedum
1212 570 1274 611 esse

180 658 265 723 dicis.
306 659 400 721 Cuius
412 658 457 719 rei
473 665 519 717 tot
532 666 603 717 eunt
613 664 719 729 testes,
739 662 816 734 quot
829 662 904 716 suut
921 653 1016 715 totius
1038 652 1165 733 Apuliae
1178 653 1274 715 lisbi-
1290 662 1349 719 cdl.
1368 664 1386 717 2

178 770 299 828 tutores.
332 760 487 838 Secunda,
508 760 608 840 inquit
630 756 835 839 Nicephorue,
855 756 930 817 hora
948 756 1009 818 iam
1024 754 1161 819 transiits
1187 753 1275 837 repei-

177 868 298 941 λιααις,
328 864 362 925 id
380 870 434 925 'eet
462 861 613 944 proceesio
647 861 735 921 nobis
763 868 811 921 est
835 856 1021 919 celebrande.
1076 854 1166 929 Quod
1193 876 1276 915 nunc

175 964 284 1043 instat,
306 986 434 1047 spamus.
474 964 585 1025 Contra
601 962 693 1043 heo,
716 984 787 1025 cum
802 968 1006 1043 opportunum
1019 958 1128 1034 fuerit,
1147 978 1273 1039 respons

176 1067 320 1129 debimue.
361 1068 430 1129 Non
449 1067 548 1149 pigeat
572 1087 622 1127 me
642 1064 819 1149 rspoilsuoss
837 1066 940 1145 ipsam,
953 1062 1135 1138 describere,
1165 1070 1196 1121 et
1217 1061 1274 1120 do-

176 1168 276 1229 minos
302 1190 384 1241 meos
407 1169 522 1237 audire.
576 1169 801 1249 Negotiatormn
826 1166 991 1229 multitudo
1017 1164 1154 1247 copiosa,
1186 1163 1274 1242 iguo·

177 1270 343 1351 biliumque
369 1292 581 1354 personarum,
602 1292 637 1333 cs
653 1271 856 1348 solemnitate,
878 1270 1025 1343 collecta,
1046 1268 1085 1329 ad
1103 1264 1275 1345 susceptio-

176 1394 262 1449 ιιι,
283 1382 314 1433 et
327 1374 447 1435 laudem
459 1372 633 1456 Nicephori,
654 1392 672 1431 s
687 1373 800 1455 palatio
812 1393 906 1454 usque
918 1373 958 1433 ad
968 1374 1107 1432 Sanctam
1121 1366 1273 1449 Sophiam,

177 1474 261 1554 qussi
276 1494 335 1556 pro
351 1476 447 1539 muris
466 1476 534 1540 riae
552 1474 699 1555 maginae
722 1475 840 1554 tenuit,
866 1474 1011 1557 clypeolis
1029 1471 1172 1535 tenuibus
1190 1469 1272 1554 setis,

174 1586 207 1639 et
225 1575 352 1657 spiculis
375 1580 488 1643 vilibus
509 1579 697 1641 dedecorata.
740 1577 875 1639 Accessit
895 1588 927 1639 et
948 1577 989 1639 sd
1009 1572 1163 1637 dedecoris
1181 1571 1273 1635 huius

165 1688 382 1760 pugnorum,
412 1682 495 1763 quod
514 1683 598 1762 vulgi
617 1681 713 1763 ipsius
733 1681 838 1763 potior
859 1701 947 1763 pars,
967 1678 1005 1741 ad
1027 1677 1149 1739 leudem
1166 1676 1274 1758 ipsius,

173 1782 265 1844 nudis
284 1793 471 1865 processerat
485 1784 620 1866 pedibus.
663 1784 760 1845 Credo
776 1786 821 1845 sic
834 1802 885 1845 eos
898 1792 1019 1864 putasse
1032 1788 1167 1841 mudum
1178 1778 1303 1861 ipeeusB

173 1884 275 1965 polius
290 1904 434 1949 exeruere
449 1884 635 1969 erpoileuoss.
678 1888 737 1948 Sed
751 1896 782 1947 et
794 1885 959 1969 optimates
971 1884 1034 1963 sui,
1055 1881 1110 1964 qui
1124 1881 1273 1963 cumipse

172 2006 229 2067 per
244 1986 409 2069 plebeiam,
430 1997 461 2051 et
483 1988 694 2051 discalceatum
716 1988 941 2050 multitudinem
958 1987 1055 2070 ipsam
1075 1982 1271 2057 transierunt,

173 2089 289 2170 magnis
310 2098 341 2150 et
365 2089 459 2151 nimie
480 2098 630 2154 vetmtete
657 2092 778 2155 rimstis
797 2090 911 2153 tunicis
939 2098 1026 2151 erent
1043 2087 1154 2149 induti.
1196 2086 1274 2147 Satis

174 2192 327 2253 decentius
341 2191 518 2272 quotidiana
531 2202 614 2255 veste
624 2193 726 2257 induli
740 2195 947 2277 procederent.
986 2190 1096 2253 Nullus
1111 2198 1166 2266 eet,
1188 2188 1273 2249 cuius

175 2303 280 2357 uterus
296 2293 501 2357 hononorem
517 2292 650 2361 haberet.
691 2298 787 2360 Nemo
801 2297 846 2358 ibi
861 2317 957 2375 auro,
977 2316 1068 2357 nemo
1081 2296 1206 2377 gemmis
1217 2318 1274 2360 ora·

172 2404 261 2459 natue
282 2404 361 2475 erat,
382 2397 444 2461 nisi
467 2395 532 2481 ipse
549 2397 632 2462 solus
652 2398 859 2484 Nicephorue,
879 2420 971 2482 quem
992 2398 1160 2481 imperialis
1180 2418 1273 2460 orus·

171 2513 271 2566 menta
289 2503 328 2564 sd
352 2500 501 2566 meierum
523 2519 667 2584 personae
688 2513 822 2586 sumpta,
850 2513 880 2566 et
901 2503 1090 2587 composite,
1110 2503 1274 2564 foediorem

171 2607 372 2668 reddiderant.
414 2605 472 2666 Per
490 2603 617 2666 salutem
634 2615 781 2682 vestram,
803 2627 883 2689 quse
902 2607 979 2668 milri
1001 2626 1067 2668 mes
1081 2604 1204 2668 charior
1217 2626 1275 2666 sx-

171 2719 233 2789 tat,
260 2731 323 2772 uua
341 2715 515 2770 vestrorum
536 2707 667 2788 pretiose
691 2710 784 2771 restis
807 2729 988 2793 procerum,
1013 2719 1134 2770 centum
1153 2708 1273 2786 horam,
1402 2771 1408 2786 ,

173 2821 205 2871 et
224 2830 259 2872 eo
280 2812 409 2893 amplius
426 2809 588 2892 pretiosior
612 2821 664 2872 eet
707 2812 823 2875 Ductus
835 2831 906 2894 ergo
925 2813 967 2874 sd
986 2810 1163 2896 speltam
1177 2811 1274 2893 ipsum

172 2913 207 2972 in
219 2912 406 2976 eminentiori
418 2915 504 2991 loco,
526 2914 614 2974 iuxta
633 2914 760 2995 psaltes,
782 2913 879 2978 idest
897 2923 1051 2993 cantores,
1073 2934 1140 2975 sum
1155 2915 1300 2982 consti-c

172 3023 265 3076 tntae.
305 3015 441 3098 Cumque
455 3013 540 3096 qusai
559 3025 683 3097 neptune
703 3024 873 3082 monstrum
892 3017 974 3080 illud
991 3017 1187 3099 procederet,
1208 3017 1275 3077 cle·

171 3116 293 3178 mebant
313 3117 481 3182 adulatores
508 3117 640 3199 psaltees
669 3119 749 3182 Ecce
769 3119 854 3182 uenit
877 3119 964 3179 stalle
984 3122 1150 3198 matutina,
1178 3119 1274 3199 surgit

171 3218 267 3298 Eous,
287 3220 459 3284 reverberat
472 3222 582 3284 obtutu
596 3219 670 3282 solia
682 3221 800 3284 radios:
820 3219 939 3304 pallide
951 3223 1168 3284 Saracenorum
1180 3243 1272 3298 more,

170 3319 358 3404 Nicephorus
380 3322 499 3406 pelices,
520 3324 554 3385 id
575 3333 620 3386 est
642 3323 793 3408 Princeps
837 3325 923 3386 Unde
944 3333 976 3386 et
995 3323 1190 3388 cantabatur:
1218 3326 1273 3407 μέ·

171 3425 264 3504 διατι,
278 3425 313 3486 id
327 3416 374 3487 eet'
387 3427 522 3510 Principi
534 3426 717 3510 Nicephoro,
729 3423 826 3492 nelli
844 3425 895 3509 Ιιη
911 3424 964 3508 ¹⁸),
976 3427 1010 3488 id
1021 3438 1068 3489 eet
1079 3428 1183 3509 plures
1198 3427 1272 3488 suni

170 3525 240 3588 siut
283 3526 395 3589 Gentes
408 3528 490 3592 hunc
504 3529 635 3607 edente,
648 3527 733 3591 hunc
746 3530 846 3604 colite,
865 3527 942 3591 huic
953 3537 1038 3590 tanto
1053 3529 1133 3590 colla
1144 3527 1270 3590 subdite.

171 3627 292 3703 Quanto
306 3639 381 3691 tunc
395 3631 496 3694 verius
511 3642 666 3696 canerent:
679 3632 775 3696 Gerbo
788 3632 924 3694 exducis
936 3632 1009 3693 reni
1020 3627 1115 3713 μέλλε,
1131 3649 1208 3690 anae
1220 3629 1270 3690 in·
1364 3673 1368 3687 .

170 3749 265 3808 curu,
286 3731 423 3794 silvanae
439 3735 539 3812 vultu,
562 3734 682 3812 rustice,
703 3735 876 3815 lustrivage,
900 3733 1045 3816 capripes,
1068 3742 1203 3811 cornute,
1221 3731 1270 3792 bi·

169 3831 321 3911 membris,
337 3837 458 3917 setiger,
473 3837 625 3910 iudecilis,
643 3839 777 3918 agrestis,
791 3838 925 3915 bmbare,
940 3837 1026 3916 dure,
1038 3834 1156 3915 villose,
1169 3835 1270 3898 rebel·

169 3935 226 4014 lis,
254 3933 430 4018 Cappadox.
480 3939 576 4020 igitur
602 3939 748 4002 falsidicis
767 3939 829 4001 illie
848 3939 972 4001 inflatus
996 3939 1112 4002 naeniis
1130 3941 1270 4000 Sancum

211 4087 259 4156 15)
286 4087 402 4142 Godinus
419 4089 542 4161 Guropul.
560 4091 606 4144 lib.
630 4091 670 4144 De
690 4091 735 4147 cll.
760 4092 835 4145 aulae
860 4091 1060 4162 Constantinop.
1077 4089 1148 4161 ”Apso
1164 4083 1217 4147 osio
1233 4093 1272 4163 spi

238 4151 290 4212 edo
306 4155 421 4230 βασιλέα
438 4163 580 4230 φανῆναι,
599 4159 627 4215 ol
641 4157 747 4228 ψάλται
760 4158 862 4215 obsim
875 4160 1011 4228 ψάλλουσι
1025 4159 1059 4216 τὸ
1070 4158 1271 4229 sololpdssos:

237 4225 539 4352 &Quisnam
556 4231 717 4300 lnporum,
742 4240 861 4295 emtore·
882 4233 974 4287 metu
987 4240 1100 4286 meet.-
1120 4233 1165 4286 Ad
1180 4232 1273 4285 nuos
