2959 4850
257 296 339 376 '540
500 311 541 380 N.
560 309 607 377 M.
627 305 829 377 FOGGINII
847 303 1193 377 annort‘rlottut

260 469 363 547 (iratis,
384 489 419 530 ac
432 467 600 550 ingentibus
616 469 751 530 conlecta
764 475 871 543 meent,
886 464 954 526 ideo
969 465 1043 527 deit
1056 464 1250 539 Tbeodoaiua,
1262 466 1349 548 qnod

260 552 295 614 bi
313 555 475 637 plurimum
494 555 669 616 insudarent
685 553 718 612 in
733 551 890 613 volvendis
901 571 958 632 ope
970 551 1101 613 vectium
1112 551 1282 612 huiuamodi
1298 574 1350 612 aa·

259 640 324 716 xia,
345 649 381 700 ut
398 641 505 700 aenaim
522 641 554 699 ln
576 642 674 700 foveae
698 639 737 698 ad
756 637 815 697 bne
835 646 954 716 paratae
969 635 1165 697 demitterent.
1206 637 1242 696 ln
1256 657 1350 697 amau

260 722 322 785 boo
341 726 467 785 verbum
484 725 575 785 verbo
590 725 732 786 neddere
745 721 800 782 fidi
816 722 992 802 interpretat
1010 742 1072 781 non
1091 721 1276 799 curavimus,
1307 742 1349 782 ne

257 829 379 870 aeneum
390 811 556 870 abstrusum
567 810 655 870 nimie
667 807 848 869 eliceremua.
869 802 1009 888 Στροφδς
1022 805 1151 886 ἔπασχον
1164 800 1349 888 ᾆνθελιγμοὶ-

260 915 320 956 νων
339 896 462 976 proprie
483 896 597 955 dictum
616 905 660 954 eat
681 894 718 953 de
738 893 792 969 iia,
820 893 873 972 qni
888 891 997 951 intenti
1024 901 1108 951 erant
1127 892 1161 950 in
1178 892 1349 950 detinendis

259 999 366 1058 magno
389 981 458 1040 nien
472 999 508 1040 ac
530 980 629 1040 labore
642 980 674 1039 in
687 977 840 1060 opponitoa
853 997 942 1056 gyroa
956 977 1082 1054 ergatia,
1103 997 1178 1056 quaa
1192 977 1230 1035 ob
1244 976 1349 1054 ingena

262 1063 398 1145 lapidum
411 1065 448 1125 iia
460 1065 645 1144 alligatorum
659 1065 777 1146 pondua
792 1063 831 1122 ad
845 1063 900 1122 eibi
914 1063 1052 1143 propriae
1072 1063 1270 1122 volutatione·
1285 1082 1349 1120 ma-

262 1169 321 1227 gno
334 1150 447 1232 impetu
460 1151 629 1210 tendebant.
672 1147 821 1230 [Στροφοὶ
833 1141 1075 1229 ἆνθελιγμοὶτων,
1093 1149 1187 1222 farm
1201 1149 1275 1204 torti
1286 1167 1348 1206 ma·

263 1232 359 1295 ebinis
374 1234 515 1312 adhibiti,
537 1236 643 1314 quibua
660 1255 731 1294 anxa
743 1229 980 1312 torquebantur]
1087 1272 1097 1287 .

346 1323 416 1386 163.
444 1318 543 1404 Belgi]
564 1319 737 1380 Henetiam
760 1319 794 1377 iu
818 1319 888 1384 loco
918 1315 1073 1376 Cornelius
1093 1315 1186 1376 edidit
1212 1317 1309 1398 βουλῇ
1329 1335 1351 1373 ι

166 1467 170 1480 p
259 1401 320 1463 lide
336 1404 453 1464 Codicis
471 1405 626 1481 aberrans,
647 1405 772 1484 ideoque
793 1423 854 1462 non
875 1425 896 1460 a
912 1401 1037 1461 cumdio
1058 1402 1213 1482 artificum
1228 1410 1350 1462 verten-

164 1533 167 1540 -
259 1486 333 1550 dum
346 1484 408 1564 eal,
429 1491 481 1549 aed
495 1493 551 1548 icti
567 1511 605 1549 ac
612 1492 752 1571 percurri
768 1489 808 1547 ab
822 1487 1005 1567 artcflcibua.

342 1571 434 1654 [169.
465 1569 562 1656 domae
589 1571 738 1656 χαράδρας
768 1574 947 1635 εἰσπεσοῦσαι
970 1573 1074 1653 meapte
1098 1571 1176 1632 male
1201 1569 1348 1632 vertitur:

259 1666 406 1738 tanqrmm
425 1661 457 1716 in
471 1659 571 1720 alueos
592 1659 702 1717 cadena
721 1657 830 1716 acerba
843 1659 931 1716 ultio.
965 1656 1057 1734 lunge
1069 1650 1218 1738 χαράδρας
1232 1656 1349 1736 πικρία,

257 1753 294 1800 ut
312 1741 348 1802 ll.
363 1747 414 1809 36.
434 1747 488 1824 τῆς
505 1748 622 1826 σφαγῆς
637 1742 660 1824 ἦ
675 1744 790 1824 πικρίᾳ.
820 1741 858 1803 ΙΙ.
872 1747 925 1809 99.
946 1737 980 1805 νδ
992 1745 1054 1823 πῦρ
1070 1738 1196 1822 winizoni
1211 1741 1348 1820 τιμωρία.

258 1827 368 1887 Sensus
384 1836 427 1888 eet
448 1827 552 1906 igitur:
574 1827 725 1906 sanguinia
741 1826 803 1888 riri
820 1825 1033 1905 extinguebant
1051 1826 1187 1886 ardentes
1205 1826 1349 1901 caminos,

137 1911 138 1914 ’
259 1909 337 1983 aient
357 1912 497 1972 torrentia
514 1915 561 1974 via
580 1912 852 1974 violentairruena.
891 1912 931 1972 lli
945 1911 1096 1990 aanguinia
1109 1911 1252 1970 atviomn
1269 1909 1350 1974 ealce

258 1995 292 2055 in
304 1997 425 2056 caminia
440 1997 527 2057 mixti
535 2045 543 2074 ‚
565 1998 645 2058 banc
657 1999 757 2058 colore
767 2016 920 2078 purpureo
936 1996 1116 2074 inficiebant,
1137 1995 1181 2054 ita
1191 2005 1227 2055 ut
1242 1996 1350 2054 lateres

213 2107 218 2118 ·
259 2077 329 2142 inde
346 2083 476 2142 conlecti
491 2083 580 2146 etiam
592 2083 739 2165 purpurei
754 2083 869 2144 fierent.
891 2081 925 2142 F.
940 2081 976 2161 l.]

344 2171 414 2234 179.
437 2165 589 2251 Ποτρικδς
601 2166 654 2244 τοίς
668 2163 766 2248 iiiuc]
781 2167 830 2227 att
840 2187 952 2228 morem
967 2167 1048 2248 apud
1065 2165 1230 2227 Orientalea
1247 2183 1350 2224 omnen

259 2247 456 2331 barbaraeque
471 2263 571 2332 gentes
587 2253 824 2334 receptissimum
839 2251 972 2332 gestandi
994 2251 1073 2312 circa
1090 2253 1200 2311 collum
1216 2260 1350 2328 torquet,

258 2354 314 2395 eeu
329 2336 456 2398 circulor
473 2357 595 2416 aureos,
616 2339 723 2399 alludit
738 2344 837 2418 potita.
880 2338 981 2412 Quum
995 2338 1075 2398 enim
1096 2335 1281 2416 Nicephorua
1297 2354 1351 2391 ca-

257 2419 352 2565 ptivit
372 2443 409 2481 ex
431 2421 563 2485 barbaria
584 2426 661 2485 colla
682 2425 793 2484 catenia
813 2421 1074 2501 circumdediaaet5
1093 2423 1149 2499 ait,
1171 2442 1222 2480 eoa
1243 2417 1350 2501 patriis

283 2506 421 2567 oneribua
439 2508 601 2575 decoraaae.
634 2510 729 2570 Haece
742 2519 840 2569 autem
853 2519 991 2588 torqueo,
1011 2507 1125 2592 patrina
1146 2506 1292 2581 honorae,
1314 2524 1351 2563 ac

258 2589 415 2671 dignitates
431 2594 576 2674 appellat,
608 2595 748 2674 quoniam
770 2594 809 2654 iia
829 2594 975 2674 primorea
994 2592 1184 2674 potissimum
1210 2600 1241 2650 et
1261 2592 1351 2669 priu-

258 2676 339 2757 cipea
357 2678 559 2757 ornabantur3
581 2682 667 2740 atde
683 2679 777 2739 Media
791 2678 897 2738 scribit
913 2678 1053 2757 Agatbiua
1072 2678 1109 2737 de
1120 2676 1205 2736 Bello
1222 2672 1351 2734 Gothico

256 2760 311 2821 lib.
324 2762 374 2827 lll.
395 2764 568 2841 observans,
592 2765 673 2844 quod
688 2764 725 2825 iia
748 2762 908 2823 Morum
920 2766 1071 2843 primores
1082 2765 1245 2841 praecipue
1260 2758 1353 2817 deco-

256 2858 382 2925 tantm,
403 2860 438 2907 ut
448 2852 641 2929 apectute'nren
660 2852 762 2908 ceteris
773 2852 850 2925 rint,
872 2861 900 2907 et
915 2870 936 2907 a
957 2848 1140 2927 vulgaribus
1158 2846 1235 2904 alm
1248 2847 1352 2903 narci-

257 2941 359 2991 teretur
365 2954 377 3007 ‚·
396 2954 432 2993 ac
450 2944 579 2994 tentatur
605 2937 694 2995 etiam
713 2934 914 2995 Tertullianua
938 2934 977 2996 de
1000 2932 1075 2993 ldol.
1097 2953 1162 3012 cap.
1183 2950 1271 2990 mu.
1285 2948 1351 3009 pag.

257 3018 329 3084 245.
350 3018 503 3099 inquient:
526 3018 626 3101 Igitur
636 3040 780 3101 purpura
793 3020 870 3098 itta,
888 3030 916 3079 et
931 3036 1044 3077 aarum
1056 3020 1181 3078 cervicie
1196 3029 1353 3074 ommnen·

150 3098 207 3163 Co'l.
222 3105 242 3166 Ι
258 3110 341 3179 tum,
361 3104 462 3163 eodem
473 3126 554 3163 neore
570 3105 658 3187 apud
674 3106 841 3185 Aegyptios
861 3116 889 3163 et
900 3104 1091 3183 Babylonica
1111 3103 1248 3181 insignia
1267 3110 1351 3157 erant

257 3182 432 3265 dignitatir.
475 3190 533 3249 Sed
554 3190 591 3249 de
608 3192 760 3269 torquium
783 3190 864 3271 apud
883 3188 1024 3250 barbaros
1043 3208 1102 3249 nau
1120 3186 1242 3247 conaule
1253 3184 1351 3244 imina

167 3292 169 3302 ¹
258 3268 448 3331 dimerentem
476 3273 616 3334 loannem
635 3272 820 3335 Schellerum
839 3275 873 3334 in
893 3278 1084 3355 syntagmate
1103 3272 1140 3333 de
1158 3271 1352 3350 antiquorum

256 3355 415 3436 torquibus
437 3376 503 3439 cap.
527 3362 577 3424 12.

340 3446 412 3508 202·
436 3442 589 3524 Οἱνρῆες]
610 3442 721 3503 Haeret
738 3442 772 3504 in
792 3441 853 3503 boc
871 3444 965 3505 verbo
987 3442 1061 3503 milri
1079 3462 1173 3523 aqua,
1198 3460 1257 3500 nec
1280 3438 1353 3519 qnid

255 3524 315 3587 tibi
333 3528 407 3589 velit
426 3527 547 3588 omnino
568 3549 722 3608 anaequor,
744 3529 818 3589 adeo
836 3540 873 3589 ut
893 3528 1037 3588 mendum
1050 3528 1167 3588 aubeaae
1182 3548 1245 3587 non
1262 3524 1352 3584 dubi-

256 3620 333 3690 tem,
356 3613 605 3693 quemadmodum
624 3614 793 3695 auepicatua
814 3624 861 3674 eat
880 3634 1001 3693 quoque
1022 3614 1186 3676 Cornelius.
1226 3605 1353 3691 Ἆνραὴς

256 3699 463 3777 reponendum
477 3698 662 3779 auspicabar,
683 3720 758 3779 quae
771 3720 834 3760 vox
848 3712 968 3759 ventum
974 3719 1030 3778 per
1042 3698 1301 3777 eumnrofluntem
1313 3695 1353 3753 ai-

256 3782 394 3859 gnificat:
414 3802 518 3845 verum
528 3786 608 3845 naid
619 3793 686 3844 tuto
699 3794 828 3847 statuam
842 3806 891 3845 me
905 3784 1034 3843 deterret
1051 3782 1249 3862 quorumdam
1264 3781 1353 3839 Grae·

256 3884 360 3926 eorum
377 3868 645 3930 Grammaticorum
659 3870 836 3946 auctoritas,
859 3871 911 3950 qui
925 3864 1039 3950 ἀκραὴς
1049 3889 1113 3928 non
1131 3877 1252 3927 ventum
1264 3864 1353 3925 rebe·

256 3960 385 4011 mentem
407 3953 660 4035 interpretantur,
680 3954 733 4014 aad
750 3956 852 4037 potina
865 3974 1060 4035 prosperum,
1080 3952 1273 4030 anaviterque
1285 3948 1354 4029 api·

256 4046 381 4113 rentem,
394 4038 475 4097 inter
486 4052 561 4117 quoa
574 4038 746 4099 Euatatbiua
757 4040 795 4099 ad
809 4040 861 4099 lib.
874 4040 955 4099 XIV.
970 4039 1079 4119 Odyaa.
1095 4058 1162 4119 pag.
1176 4039 1268 4103 1759.
1283 4033 1353 4094 dli·

255 4120 342 4182 Rom.
358 4122 402 4182 eic
415 4123 562 4202 loquitur:
573 4120 676 4187 Ἔνθα
690 4124 800 4207 βορέαν
815 4119 915 4205 duona}
928 4123 1014 4207 λέγει,
1029 4118 1083 4204 oriz
1094 4118 1174 4186 οὕτω
1188 4116 1243 4183 adr
1255 4116 1355 4200 ἄκρως

255 4199 363 4282 aitrau,
386 4205 427 4280 oie
448 4212 560 4286 μᾶλλον
586 4205 641 4271 adr
664 4206 707 4290 μή
722 4209 926 4294 κεκρυμμένον
948 4208 1058 4291 ἑτέροις
1070 4202 1205 4288 dripere·
1226 4209 1283 4268 τοῦ
1292 4198 1353 4311 prio

253 4284 392 4355 corniton
405 4286 559 4374 δεινότητα
569 4290 868 4379 νανρμορεῑὍμρρος
882 4292 917 4361 δν
930 4298 982 4382 τῷ,
1003 4289 1090 4377 δεινή
1102 4287 1266 4378 μισγομὲνη
1281 4285 1355 4359 ανέ-
