2959 4850
361 281 407 351 ru
427 278 583 351 mons
603 240 961 354 sucurrones.
1123 270 1211 356 ,459

125 444 165 505 bo
186 440 299 503 meiere
315 439 447 503 affectos.
488 436 578 521 Apud
597 440 628 505 S.
647 439 787 501 loannem
808 441 969 503 climacum
985 460 1102 523 quoque
1122 445 1239 512 sedan

118 526 231 604 Pseud.
251 532 322 595 126.
336 528 369 587 B.
383 526 490 604 verba,
511 530 551 623 τῇ
571 524 638 610 λιρᾷ
657 533 829 608 περιπεσεῖν
843 522 935 613 νόσῳ,
956 529 994 588 oh
1009 548 1044 586 sa
1064 550 1139 608 quae
1161 550 1212 591 se-

126 620 262 692 quuntur
273 610 353 672 haud
364 612 458 691 paulo
471 612 574 671 malim
589 610 626 669 de
638 610 721 691 lepra
735 631 826 689 qoem
844 632 911 673 cum
925 611 1074 673 Matthaeo
1093 615 1211 675 Radere

127 696 166 759 de
179 696 281 757 morbo
293 696 437 758 comitiali
454 695 652 776 interpretari.
674 696 783 758 Confer
796 708 946 777 praeterea
953 700 1080 759 Leonem
1097 706 1166 767 110
1177 701 1212 760 B.

209 785 291 861 Peg.
311 787 382 849 100.
402 782 458 842 lira.
481 785 531 847 13.
542 776 621 859 Ἤδη
638 778 671 843 (li
691 785 747 861 τῆς
765 779 841 861 morie
853 777 993 870 Ὀρόντῃ]
1014 783 1095 843 Haec
1114 794 1144 843 et
1162 805 1212 845 se-

126 866 247 945 quentia
261 886 299 924 ex
312 867 410 928 Leone
422 864 575 927 transtulit
594 866 725 946 scylitze
734 866 768 926 in
777 866 948 929 Chronicon
966 890 1034 947 ms,
1052 868 1135 929 unde
1155 890 1213 930 ex-

125 950 248 1032 scripsit
261 952 373 1033 purtim
387 952 509 1015 Cedren.
525 950 560 1009 ll.
574 955 644 1016 665.
665 951 698 1011 B.

207 1040 289 1117 Pag.
312 1040 382 1103 101.
404 1038 459 1099 lin.
480 1041 511 1103 8.
531 1030 587 1115 τήν
602 1032 657 1117 μὲν
668 1032 811 1117 θύραθεν
822 1035 962 1101 παιδείαν
979 1031 1018 1101 οὔ
1033 1031 1116 1101 urrisu
1127 1032 1213 1121 ἦκρι·

124 1115 253 1202 punire]
277 1121 490 1181 Dissuadehant
507 1118 594 1179 multi
612 1120 645 1180 in
665 1122 804 1199 Graecia,
824 1123 990 1193 tumemui
1009 1124 1107 1183 merlin
1127 1145 1212 1200 aero,

124 1215 192 1265 tum
210 1206 339 1265 maxime
357 1204 417 1266 hoo
430 1207 547 1269 sseeulo
555 1250 565 1281 ‚
583 1209 722 1285 profanas
734 1207 868 1269 litteras:
888 1210 970 1286 quod
984 1210 1036 1287 qui
1048 1209 1085 1267 iis
1099 1218 1214 1301 etpos-

123 1310 160 1351 ro
181 1290 290 1350 imbuti
312 1302 424 1368 essent,
445 1291 485 1351 ud
502 1290 657 1351 vemtstem
680 1292 751 1351 fidei
772 1293 919 1353 caeciores
935 1303 1124 1373 putarentur.
1165 1295 1213 1354 lta

124 1376 155 1436 S.
170 1374 370 1455 Nicephorus,
392 1377 429 1435 de
452 1396 511 1457 quo
534 1396 626 1455 supra
638 1378 712 1443 225.
732 1376 763 1436 C.
783 1376 817 1437 in
831 1378 899 1438 Vita
920 1398 974 1439 ms.
996 1378 1138 1456 magistro
1159 1382 1215 1443 rosi

14 1502 24 1521 .
124 1463 296 1523 Μωσελλοιῖ
317 1480 400 1540 puer,
412 1461 447 1519 in
463 1460 652 1539 disciplinam
672 1461 801 1524 traditus
821 1462 951 1539 (licitur,
974 1460 1031 1543 τήν
1045 1460 1129 1545 lepris
1144 1487 1215 1547 γρα-

125 1540 191 1625 φήν
205 1540 299 1626 μόνην
313 1538 609 1625 παιδευθησόμενος,
633 1538 688 1607 usin
709 1540 896 1625 ἀνεχομένων
914 1551 975 1609 τοῖν
993 1553 1166 1630 προστατῶν
1179 1544 1214 1611 κδ

124 1622 252 1713 γνήσιον
265 1626 317 1691 καλ
329 1625 453 1713 γόνιμον
471 1632 525 1709 τῆς
544 1632 645 1709 ψυχῆς
663 1634 719 1692 κου’
733 1626 838 1704 παιδὸς
853 1626 1010 1712 nortem
1028 1632 1215 1712 ἔμβομβῆσαι

125 1708 320 1795 μαθήμασιν·
339 1708 385 1777 ’ὅτι
406 1710 608 1795 polluereris,
630 1710 701 1787 κοιλς
716 1708 832 1789 τόκους
849 1718 906 1795 τῆς
921 1717 1122 1797 τερατολογλας
1141 1739 1215 1798 repo·

124 1798 322 1874 τνκωθέντας
334 1792 496 1879 οἷναλεῖψαι
510 1798 630 1883 (ipsiius,
654 1799 682 1861 el
697 1798 729 1878 [s.
745 1794 779 1879 ἦ]
792 1799 845 1863 καλ
855 1796 912 1880 τήν
923 1803 1034 1882 πρᾶξιν
1048 1802 1215 1884 διαφυγεῖν.

210 1883 288 1944 Ihid.
307 1884 362 1946 lin.
386 1890 434 1950 10.
454 1882 487 1947 ‘0
499 1880 533 1945 (λλ
550 1876 753 1963 Πολύευκτος]
774 1885 855 1944 Haeo
874 1905 968 1966 usque
987 1886 1026 1946 ed
1042 1886 1134 1952 finem
1153 1884 1217 1947 hu·

125 1967 173 2029 ius
191 1968 297 2049 capitis
316 1968 508 2029 combefisius
522 1968 628 2045 vertit,
652 1970 719 2045 Pagi
732 1968 782 2033 IV.
802 1971 856 2037 24.

209 2052 288 2115 leid.
312 2055 366 2114 lin.
388 2059 438 2120 11.
459 2052 658 2135 προχιλρισιν]
682 2054 784 2114 Codex
804 2054 1010 2136 ιιροχελρησιν·
1029 2058 1147 2118 mutavi
1166 2076 1215 2117 se-
1232 2065 1264 2121 P.
1279 2067 1332 2127 228

126 2138 257 2199 cundum
275 2139 481 2219 etymologiam
503 2138 629 2199 arerbo
644 2140 873 2219 προχειρλζομαι.
914 2138 1005 2199 Vocis
1025 2144 1215 2224 κροχιλρισις,

45 2260 51 2273 ·
125 2222 224 2283 adhuc
240 2224 274 2283 in
286 2224 403 2283 Lexicis
417 2224 554 2299 omissae,
576 2224 757 2301 significatus
773 2232 844 2284 suut
860 2224 934 2284 duos
957 2225 1033 2285 alter
1051 2228 1130 2307 apud
1143 2226 1231 2307 phi--

124 2307 277 2390 loaophos,
291 2310 367 2369 alter
378 2308 411 2368 in
426 2307 581 2389 scriptorr.
593 2307 813 2387 ecclesiasticis.
832 2307 921 2389 Apud
935 2309 1002 2369 illos
1016 2322 1103 2372 sonat
1117 2324 1216 2390 adue,
1289 2330 1293 2338 '

126 2398 269 2474 operatio,
293 2415 351 2475 qua
367 2393 493 2473 cogitatu
508 2402 784 2474 repraesentantur,
805 2395 1068 2476 perducunturque
1085 2398 1123 2457 ad
1143 2397 1217 2458 elfe-

125 2467 222 2542 ctum.
261 2479 448 2561 Porphyrius
463 2481 594 2539 Sentent.
608 2479 646 2540 ad
658 2478 813 2558 iutelligib.
826 2481 945 2542 ducem.
961 2483 1034 2548 225.
1046 2481 1082 2542 A.
1097 2483 1135 2544 ‹le
1148 2485 1218 2543 oni·

124 2585 191 2642 ma,
213 2564 328 2648 ἐνεργεῖ
338 2563 371 2628 δὲ
386 2559 453 2627 κατ’
466 2559 591 2640 nicosie,
612 2560 635 2645 ἢ
648 2555 707 2626 ὑπ’
721 2561 814 2628 ἄλλον
829 2567 873 2642 ele
885 2568 1076 2649 ιιροχελρησιν
1090 2566 1128 2648 [l.
1145 2593 1220 2650 κρο-

125 2649 265 2732 χελρισιν]
287 2647 505 2731 ἐκκαλουμένη,
525 2650 575 2712 vel
586 2650 625 2708 ob
640 2651 703 2708 alio
715 2649 761 2708 ud
774 2671 851 2729 opus
862 2656 1004 2711 excitata.
1030 2654 1072 2711 Ut
1083 2653 1151 2712 ideo
1167 2673 1219 2714 er·

124 2735 238 2796 reverit
249 2736 405 2812 Kustsrus‚
426 2733 500 2794 hoec
517 2735 624 2794 Suidae
633 2735 659 2797 l.
680 2738 753 2801 830.
767 2734 802 2795 Α.
815 2731 839 2817 ἦ
853 2730 932 2798 καθ’
945 2736 1007 2811 ἕξιν
1022 2731 1045 2815 ἢ
1057 2734 1133 2800 κατὰ
1144 2762 1219 2820 κρο-

126 2822 266 2902 χείρισιν,
289 2821 333 2892 sic
348 2829 483 2887 vertens:
504 2817 666 2878 secundum
685 2819 827 2880 habitum
843 2833 872 2880 et
892 2820 1059 2880 secundum
1073 2827 1219 2902 proposi·

126 2915 203 2966 tum.
236 2907 393 2965 Nemeum
405 2905 584 2986 κροχελρισις
597 2914 768 2986 opponatur
781 2911 821 2992 τῇ
835 2906 902 2982 ἔξει,
924 2906 1103 2990 denotetque
1116 2918 1223 2967 actnm‘

127 2990 225 3070 ipsum
248 2991 311 3050 sive
334 2989 632 3070 repraesentationem
651 2990 817 3067 facultatis,
837 2992 1032 3068 uertendum,
1051 2991 1217 3051 emundans

126 3073 276 3150 habitum,
297 3077 346 3135 νιλ
357 3073 522 3134 secundum
534 3085 648 3150 actum,
670 3075 735 3135 sive
748 3078 954 3136 executionem.
982 3077 1071 3157 Apud
1085 3079 1218 3158 scripto-

127 3180 175 3220 res
207 3160 419 3220 ecclesiasticos
447 3159 592 3239 significat
619 3162 857 3238 propositionem
889 3162 1023 3242 epiecopi
1051 3163 1218 3226 ordinandi.

128 3245 312 3326 Theophilus
328 3243 506 3305 Antiochen.
528 3245 570 3304 De
582 3245 644 3304 lleo
659 3253 690 3310 et
710 3245 947 3307 Christianorum
963 3247 1023 3307 fide
1042 3249 1113 3315 147.
1127 3249 1162 3310 0.
1183 3247 1219 3311 ἐν

127 3334 166 3413 τῇ
185 3335 247 3394 ταῖν
267 3325 482 3414 λεραρχοιλντων
499 3330 678 3413 προχειρίσει
696 3352 728 3394 ιι
748 3331 802 3394 καλ
817 3333 935 3418 ἐκλογῇ.
971 3334 1219 3415 Προχειρίζεσθαι

128 3415 206 3476 enim
221 3415 301 3496 upurl
316 3417 474 3496 scriptores
488 3414 605 3496 quidem
615 3417 769 3496 profanos,
785 3426 821 3476 ut
833 3418 890 3476 alia
905 3417 1009 3493 multa,
1025 3418 1067 3477 ita
1082 3428 1112 3477 et
1125 3420 1218 3498 elige·

129 3521 161 3558 re
180 3501 340 3579 generatim
363 3501 502 3564 denotet:
522 3499 592 3562 vide
616 3501 751 3581 exempla
772 3502 806 3561 in
825 3503 935 3561 Lexico
961 3503 1065 3582 Polyb.
1086 3501 1164 3563 Vlll.
1184 3523 1222 3562 11.

128 3585 201 3651 544.
222 3585 529 3664 sSchweighaeusero
544 3587 609 3646 viro
626 3587 707 3646 omni
719 3585 937 3646 existimatione
950 3587 1139 3646 ornatissimo
1153 3588 1246 3648 ool-B

127 3671 222 3730 lecta:
243 3671 316 3730 item
327 3671 409 3751 apud
421 3669 594 3752 Alciphron.
609 3671 633 3730 1.
647 3672 698 3740 41.
718 3671 753 3732 Β.
773 3672 809 3732 ln
823 3671 1021 3751 scriptoribus
1039 3672 1219 3732 ecclesiasti-

129 3755 172 3812 cis
187 3753 309 3834 proprie
324 3774 384 3815 esse
393 3777 558 3836 proponere
573 3777 680 3816 nomen
698 3757 826 3816 alicuius
839 3756 1012 3833 ordinandi,
1033 3766 1069 3817 ut
1082 3757 1221 3838 inquira-

127 3849 182 3898 tur
196 3861 235 3898 an
254 3839 360 3918 dignus
373 3841 412 3900 sit
424 3860 563 3917 munere,
583 3850 664 3902 recte
680 3842 851 3902 observavit
864 3841 955 3902 Heur.
970 3840 1103 3902 Valesius
1118 3843 1221 3902 Anno·

127 3932 196 3985 tatt.
213 3923 246 3984 in
256 3924 361 3989 Euseb.
381 3926 424 3984 lle
437 3926 504 3985 Vita
519 3927 670 3987 Constant
682 3926 756 3996 214.
768 3926 804 3988 Δ.
818 3936 849 3986 et
865 3926 898 3986 in
910 3929 1062 3988 Socratem
1074 3927 1220 3988 scholast.

56 4045 74 4064 -.
129 4013 160 4074 7.
177 4009 212 4070 Δ.
231 4009 265 4069 id
280 4010 360 4090 quod
375 4006 559 4092 ὑποβάλλειν
573 4005 703 4091 ὀνόματα
717 4009 793 4072 dicit
805 4014 941 4072 Socrates
954 4017 1005 4080 28.
1024 4013 1058 4078 D.
1078 4014 1147 4073 Non
1165 4013 1221 4072 ‹le-

131 4103 201 4154 sunt
209 4103 308 4154 tamen
325 4094 392 4155 loca
408 4093 490 4175 apud
502 4095 663 4175 scriptores
679 4116 798 4176 quoque
811 4094 1034 4174 ecclesiasticos,
1049 4097 1101 4158 ubi
1116 4097 1223 4158 latiore

130 4199 220 4240 seusu
235 4179 444 4262 exponendum
461 4187 507 4240 est
521 4181 638 4261 eligere.
671 4181 830 4244 Eulhslius
843 4183 992 4244 llisconus
1004 4183 1036 4242 in
1048 4182 1223 4264 peregrina-

131 4263 228 4330 tione.
252 4268 282 4330 S.
297 4264 381 4330 Pauli
396 4265 467 4336 240.
481 4266 515 4330 Δ.
533 4267 562 4328 S.
577 4265 712 4330 clemens
732 4268 883 4331 Romanus
898 4268 1071 4332 Constitutt.
1085 4267 1221 4351 Apostol.
1340 4281 1343 4289 '
