2959 4850
361 258 364 267 '
424 280 470 349 nt
490 272 645 349 neoris
665 274 847 347 oncon
865 278 943 347 nn.
957 278 999 347 n
1182 266 1257 344 415

154 430 294 525 ‘amplior
315 460 403 523 quem
425 436 578 499 editioneo.
622 436 814 519 Quapropter
832 437 891 498 hoc
913 434 1084 499 Chronicon
1095 456 1205 499 vereor
1219 458 1259 499 ne

163 528 205 587 eit
231 528 267 587 eb
290 526 412 587 llnrdtio
431 542 587 605 perperam
599 517 677 585 Iulio
697 523 814 583 Polluci
826 522 1010 587 attributum.
1050 523 1140 583 Hunc
1153 524 1258 585 Pollu·

164 632 228 671 cem
250 613 327 671 enim
347 612 445 671 multo
467 630 532 669 ecee
547 608 666 668 saeculo
685 610 723 667 X.
736 609 933 689 antiquiorem
947 618 1063 669 constet
1076 610 1126 671 vel
1140 628 1178 669 ex
1196 630 1259 669 no-

161 698 257 772 mine3
281 696 450 755 chronicon
471 704 585 768 autem,
614 694 677 754 eive
696 694 789 754 verbe
804 694 867 755 eive
885 714 969 753 oenoe
984 694 1145 774 respicias,
1166 703 1203 753 ut
1219 695 1258 753 ab

162 780 280 859 ingenio
301 791 469 863 temporum
485 778 749 839 Trimiecianorum
769 780 906 861 proxime
926 779 1024 856 abeet,
1046 779 1119 840 ina
1138 779 1259 839 soeculo

161 865 352 943 loetinioneo,
373 867 485 925 nedum
499 864 720 941 Theodosiano,
745 875 792 925 eet
804 865 1022 924 elienieeimum.
1064 864 1148 937 Quae
1160 873 1259 923 umen

160 948 194 1008 in
209 950 269 1010 hoc
287 950 452 1023 Chronico,
476 950 558 1031 quod
573 950 714 1031 anonymi
729 951 830 1031 potine
851 950 994 1026 dixerim,
1017 949 1054 1007 de
1067 948 1257 1029 expeditione

161 1036 277 1095 Cretica
291 1036 478 1111 referuntur,
500 1034 567 1095 ideo
587 1034 639 1095 hic
654 1056 717 1094 non
732 1034 876 1111 subiicio,
898 1034 978 1113 quod
990 1032 1068 1093 nihil
1081 1035 1142 1093 fere
1154 1033 1196 1093 ibi
1209 1034 1258 1109 eit,

161 1122 238 1200 quin
259 1121 332 1180 item
353 1120 434 1200 apud
455 1120 584 1179 Simeon.
598 1120 754 1200 Logothet.
772 1122 846 1188 498.
860 1120 895 1181 Δ.
908 1121 942 1183 B.
963 1119 1162 1183 etiannum
1175 1118 1259 1179 Con-

161 1207 303 1267 tinuator.
325 1212 396 1273 297.
411 1206 443 1267 (i.
464 1206 498 1265 D.
517 1204 641 1287 legetur.

527 1488 583 1555 IN
611 1486 817 1556 LIBRUM
845 1488 889 1555 II.

242 1630 323 1707 Pog-
348 1631 397 1693 17.
420 1626 475 1687 lin.
496 1631 526 1691 7.
548 1628 711 1707 Χαμβδᾶν,
736 1624 825 1691 ὁτῶν
837 1658 877 1673 -
892 1620 1031 1709 ἇρχηνός]
1051 1626 1094 1685 De
1107 1624 1167 1688 hoc
1180 1627 1262 1687 snt.
1271 1630 1303 1690 Ρ.
1321 1632 1372 1689 198
1432 1700 1436 1707 ,

160 1710 288 1772 eddeule
305 1712 369 1772 eive
382 1711 552 1773 Abulheeen
564 1712 622 1787 Ali,
644 1710 792 1771 llemdeni
806 1711 1029 1771 ben-Hamdun
1039 1722 1166 1793 nepote,
1186 1712 1257 1773 vide

159 1797 396 1858 observationem
417 1798 450 1856 in
465 1798 572 1857 cummi
585 1797 643 1857 viri
659 1797 795 1857 silvestri
810 1797 846 1855 de
858 1799 936 1876 Socy
953 1796 1169 1860 Chrestometh.
1184 1798 1257 1859 Are.

157 1880 224 1941 bica
239 1883 288 1943 [ΙΙ.
306 1888 375 1947 110.
394 1882 424 1941 C.
448 1882 553 1942 Graeci
570 1881 794 1943 Chembdanum
807 1892 937 1959 vocant,
958 1882 1106 1965 gentilitio
1123 1884 1254 1961 nomine,

159 1966 239 2047 quod
254 1968 353 2047 iprum
366 1977 467 2027 tomen
479 1966 562 2028 verie
580 1967 730 2044 scribitur,
753 1988 822 2027 cnm
839 1967 927 2048 apud
936 1968 1012 2027 elioe
1023 1977 1168 2046 auctores,
1188 1978 1255 2029 tum

158 2053 207 2112 vel
221 2053 253 2110 in
272 2052 380 2111 Codice
391 2062 503 2117 noetro.
547 2052 638 2112 Velut
650 2054 782 2133 Χαμβᾶν
795 2052 855 2111 hoc
866 2053 933 2133 ipio
950 2052 1028 2126 loco,
1052 2058 1101 2119 10.
1116 2054 1151 2113 A.
1167 2057 1256 2135 Χαμ-

156 2135 217 2217 puto
239 2138 341 2203 2213.
367 2132 493 2200 Xeodoiv
511 2142 559 2204 10.
577 2138 607 2203 C.
630 2142 677 2204 12.
695 2138 730 2197 A·
751 2133 880 2215 Xopddv
907 2140 956 2203 13.
975 2138 1013 2201 D.
1040 2135 1195 2219 Χαμβδᾶν
1207 2144 1256 2205 11.

158 2222 192 2283 C.
222 2226 270 2288 13.
294 2222 329 2284 B.
355 2222 404 2287 14.
426 2224 460 2281 B.
479 2224 629 2305 Χαμβδᾶν
651 2225 702 2287 13.
726 2222 761 2283 Δ.
785 2222 966 2283 Zonaraell.
983 2228 1055 2289 197.
1070 2224 1104 2283 A.
1118 2224 1152 2289 B.
1166 2221 1258 2285 hebet

158 2309 308 2385 Χαμαδᾶν
327 2301 402 2390 (ted
427 2307 527 2367 Codex
544 2310 613 2384 fleg.
635 2308 727 2374 1715.
753 2302 911 2392 Χαμδᾶν).
954 2307 1073 2389 Simeon
1093 2307 1257 2388 Logotheta

156 2390 229 2458 498.
255 2392 290 2452 D.
317 2386 463 2474 Χνμβδᾶ·
484 2392 613 2454 michael
635 2392 745 2473 Glycae
761 2393 834 2460 304.
850 2394 884 2456 D.
900 2387 954 2456 τὸν
974 2387 1161 2474 Ἀπνχανδᾶν
1175 2392 1255 2476 [eic].

156 2476 308 2536 Cedrenus
332 2474 925 2558 000116400643.064111.
965 2478 1002 2538 ln
1025 2479 1135 2540 Codice
1155 2490 1256 2539 temen
1313 2516 1315 2523 =

156 2561 304 2642 Scylitzae
324 2563 567 2642 sangermanensi
592 2565 688 2624 bonee
707 2574 811 2640 notae,
832 2563 914 2624 unde
930 2565 1026 2624 multe
1040 2564 1163 2624 Codteni
1186 2566 1284 2630 locun

156 2647 307 2707 emendari
323 2649 448 2727 possint,
468 2649 578 2727 legitur
592 2648 704 2728 ubique
719 2650 882 2730 Xepdddv·
903 2649 1034 2730 itemque
1045 2650 1078 2709 in
1093 2649 1255 2731 Nicephori

156 2731 274 2792 Phocae
288 2733 416 2794 Tacticie
429 2733 497 2793 edit
509 2734 599 2794 huius
614 2755 680 2815 peg.
698 2735 767 2801 181.
783 2735 836 2794 lin.
846 2737 896 2800 13.
917 2744 947 2795 et
962 2755 1030 2816 pag.
1047 2739 1118 2802 191.
1131 2735 1186 2797 lin.
1205 2735 1254 2802 16.

158 2837 245 2897 qoem
261 2819 449 2898 scriptionem
467 2820 572 2899 ubique
593 2829 711 2879 secutus
730 2841 806 2882 eum.

242 2905 320 2982 Peg.
343 2907 392 2969 18.
413 2905 468 2968 lin.
491 2909 520 2970 3.
543 2902 615 2986 πρὸς
639 2903 732 2966 ednod
743 2902 794 2967 τὸν
805 2900 909 2988 καιρὸν
924 2899 1021 2984 εἶναι]
1048 2898 1134 2986 Πρδς
1158 2901 1254 2967 odeo&

157 2980 235 3048 tiron
248 2987 365 3046 dixerat
379 2988 437 3048 iem
452 2988 590 3066 Agathino
602 2995 651 3055 21.
667 2990 704 3049 A.
721 2995 815 3056 0126.
832 2991 866 3052 D.
910 2987 1043 3050 Similem
1054 2987 1180 3070 phrasin
1194 2987 1253 3048 he-

156 3069 207 3130 bet
227 3071 405 3132 Plutarchus
424 3075 463 3134 M.
480 3068 573 3133 Bruto
590 3079 660 3140 990.
678 3075 711 3137 Β.

240 3153 319 3218 Ibid·
342 3158 397 3220 lin·
420 3164 470 3226 10.
491 3157 610 3222 Λέοντα
637 3154 690 3220 τᾶν
720 3154 853 3240 Cordo]
874 3156 987 3231 Leonis,
1010 3155 1127 3217 Phocoe
1148 3167 1254 3220 contre

156 3239 378 3302 Chembdonum
398 3243 550 3323 expeditio
567 3241 675 3302 incidit
689 3243 721 3301 in
736 3264 764 3304 e.
784 3247 863 3318 961,
885 3262 944 3321 qno
961 3245 1029 3323 ipso
1043 3251 1178 3323 tempore
1193 3245 1253 3304 sre-

155 3333 202 3385 ter
222 3327 284 3386 eiue
304 3327 492 3408 Nicephorue
507 3329 649 3388 Cardiam
669 3327 863 3410 expugnavit.
904 3327 980 3389 Vide
997 3327 1067 3407 Pagi
1085 3327 1190 3391 critic.
1213 3326 1253 3388 ed
1377 3317 1385 3338 ‘

155 3408 261 3470 Annei.
280 3413 388 3472 Baron'.
406 3413 458 3473 Ill.
479 3413 551 3479 875.
577 3415 611 3476 D.

237 3499 318 3576 Pag.
342 3503 390 3564 19.
413 3499 467 3558 lin.
489 3501 519 3564 3.
541 3498 617 3583 ἔγνω
637 3493 680 3579 μή
702 3496 733 3574 lc
749 3501 905 3580 nocrimen
923 3496 1071 3560 κίνδυνον
1089 3495 1195 3579 olem
1206 3495 1253 3560 ie·

154 3583 251 3642 σεῖσαι
267 3575 357 3644 ericio
371 3603 402 3645 τε
414 3582 466 3646 nol
481 3579 553 3658 rode
566 3581 807 3664 συνεπομένους]
829 3584 914 3641 Dicee
929 3583 1056 3641 Leonem
1073 3581 1252 3662 expreeeieee

152 3661 229 3724 haec
257 3665 425 3744 Plutarchi,
454 3669 574 3728 Caesare
594 3668 666 3734 741.
692 3669 723 3727 C.
752 3667 859 3749 Ιρῤιψε
882 3665 984 3748 φέρων
1004 3662 1112 3730 icontie
1134 3666 1177 3740 εἰς
1197 3661 1253 3731 τᾶν

153 3749 316 3810 κίνδυνον·
338 3751 479 3829 elegantia
491 3773 562 3813 vero
576 3773 638 3812 non
652 3762 892 3834 opportunceeee
905 3772 1002 3811 utum.
1028 3752 1105 3810 Nem
1113 3760 1250 3812 coneten-

154 3833 215 3891 ctio
224 3835 377 3912 poetulore
392 3835 511 3899 videtur
525 3838 682 3900 nccomtiv.
711 3835 857 3920 ninom·
878 3835 1072 3916 perticipium
1083 3846 1181 3896 eutem
1197 3833 1251 3915 pl.

153 3915 1251 4002 povhoceeneuraneeimeoliterquamnominetiroeingulnieetplnrelie
1300 3931 1304 3942 ’

153 4001 310 4082 reperitur.
343 4005 419 4065 Vide
434 4011 569 4088 exempla
582 4009 618 4068 ab
632 4005 855 4088 Hemeterhueio
869 4007 994 4066 collecta
1005 4007 1038 4067 in
1051 4006 1171 4088 copioea
1185 4008 1250 4066 die·

152 4088 307 4167 putetione
328 4089 366 4149 ed
378 4091 499 4156 Lucian.
522 4093 545 4155 l.
570 4093 643 4160 319.
662 4094 783 4172 quibus,
805 4101 922 4174 praeter
937 4111 970 4152 eo
982 4091 1151 4168 Plutarchi,
1173 4100 1278 4166 oneec

155 4170 198 4229 ibi
218 4173 366 4251 enotavit,
388 4174 463 4236 hoec
484 4198 562 4238 nove
582 4178 715 4237 indidem
739 4178 892 4238 adiiciam:
913 4176 1111 4238 Theinietoclo
1127 4178 1198 4243 121.
1214 4179 1249 4236 Δ.
1352 4185 1360 4194 ’

152 4254 254 4340 enno
273 4257 429 4344 ὑπέθηκεν
441 4257 559 4330 ἑαυτόν.
578 4262 694 4325 Pericle
707 4265 778 4332 159.
792 4263 828 4326 D.
841 4259 983 4346 δπιβολᾶς
1000 4295 1044 4312 -·
1055 4261 1177 4345 ἐνέβαλε
1189 4259 1249 4342 pi·
1362 4337 1366 4343 ,
