2959 4850
239 296 316 375 sss
415 240 659 375 ¹sirenum
680 302 741 375 rx
764 301 933 373 moron
954 302 1139 375 miron

325 464 362 527 lu
380 461 521 527 Armenia
551 482 670 545 qnoque
693 460 800 525 Graeci
820 461 1039 527 llalareardaan
1060 456 1095 543 *)
1114 459 1340 545 oppugnatur.

246 570 289 631 Ut
311 568 417 651 paucis
442 565 642 647 complectar,
669 574 751 627 totus
771 565 825 625 ills
844 573 959 627 tractus
979 564 1083 646 Syriae
1100 564 1284 643 maritimua,
1309 574 1343 627 et
1409 614 1417 622 .

248 692 324 755 quaa
351 672 432 731 cirea
459 664 647 748 Euphraten,
677 667 819 749 petebant
849 666 1032 728 Graecorum
1058 666 1192 741 libidini,
1222 667 1344 729 nemina

250 792 346 854 neque
359 770 474 833 bostem
490 779 629 849 arcente,
647 790 746 853 neque
757 779 854 832 terrae
867 778 987 849 tuente,
1007 768 1162 855 praeeidi'u
1179 780 1343 836 etraetm

248 876 362 937 nudas
592 872 597 889 '

697 972 755 1037 ll.
770 996 803 1055 p·
817 973 890 1043 ⁶07.

334 1076 414 1139 Dens
430 1084 530 1137 tamen
544 1075 666 1138 afflictis
678 1078 830 1139 Muelemia
847 1075 1028 1157 praesidium
1041 1076 1144 1138 aderat
1157 1084 1188 1137 et
1199 1075 1343 1141 tuorna

252 1179 382 1243 atentis
410 1178 561 1259 angustiis.
612 1178 668 1239 Ille
690 1181 770 1241 enim
790 1181 856 1263 ipse
877 1181 1028 1241 Romanus
1046 1178 1224 1260 imperetur,
1253 1199 1342 1261 quan

252 1282 396 1345 haetenus
408 1280 442 1341 in
461 1280 663 1343 blualemiorm
682 1283 826 1345 ditionem
839 1282 913 1343 edeo
928 1281 1107 1342 saevientem
1118 1280 1269 1357 vidimus,
1289 1282 1344 1362 qni

253 1404 307 1467 spe
328 1393 417 1464 utque
438 1385 581 1466 cupidine
600 1397 696 1448 totum
717 1386 833 1467 Syrium
854 1385 914 1445 ism
934 1382 1145 1461 devoraverat,
1165 1384 1218 1463 qni
1241 1384 1344 1445 orbem

251 1488 370 1550 fidelem
387 1496 500 1548 terrore
519 1490 565 1551 sui
586 1491 804 1571 compleverat,
826 1486 887 1547 lroe
902 1486 968 1567 ipso
985 1505 1064 1545 anno
1083 1485 1274 1547 muliebribus
1289 1486 1343 1547 iu-

252 1589 335 1651 sidiis
348 1588 500 1649 occubuit.
541 1590 613 1651 Erat
631 1591 684 1650 ille
692 1588 895 1669 Nicephorius,
916 1587 970 1667 qui
986 1587 1104 1647 sublato
1120 1588 1273 1649 deeeaaore
1286 1608 1344 1649 suo

252 1710 338 1770 rege,
359 1706 484 1750 uxorem
501 1691 610 1753 eiuain
624 1691 847 1752 matrimonium
862 1690 992 1751 durrat
1001 1688 1098 1771 atirpe
1116 1698 1201 1751 ortua
1216 1710 1280 1749 non
1292 1708 1346 1750 ra-

252 1792 315 1873 gin,
336 1791 427 1871 idque
441 1792 539 1852 animo
558 1793 703 1873 agitabat,
725 1800 761 1852 ut
773 1790 936 1873 superioris
955 1790 1038 1851 tlrori
1055 1792 1216 1851 maseulm
1228 1792 1346 1873 prolem

253 1904 423 1970 exsecaret,
441 1914 501 1974 quo
516 1915 585 1955 sues
597 1897 707 1974 regiam
721 1894 894 1972 dignitatem
906 1901 1080 1974 perpetuam
1092 1904 1243 1955 namnet.
1285 1892 1345 1953 Sed

253 1998 410 2077 indignum
427 2006 457 2057 et
469 1995 655 2055 intolerabile
669 1996 785 2056 lacinus
797 1995 942 2057 detestata
955 2004 986 2054 et
996 1993 1141 2075 impedire
1155 1995 1255 2057 nitu·
1266 2012 1345 2076 pue·

253 2118 357 2161 rorum
371 2108 467 2159 muter
482 2098 669 2177 conspirabat
687 2118 756 2158 eum
770 2097 938 2158 Domestico
952 2096 985 2155 in
999 2096 1059 2157 uiri
1072 2098 1208 2174 medem,
1228 2105 1345 2159 structo

253 2202 289 2265 in
300 2200 382 2263 bene
401 2200 523 2261 modum
543 2199 621 2259 dolo.
665 2200 824 2278 Conscius,
849 2198 1047 2260 Domesticnm
1061 2208 1135 2280 puta
1149 2210 1181 2260 et
1194 2200 1258 2260 eius
1268 2198 1345 2261 ami·

255 2324 324 2380 eoa,
345 2302 448 2362 habitu
466 2298 604 2362 muliebri
626 2300 822 2378 deformatos,
844 2301 882 2361 de
896 2311 986 2362 noete
1003 2302 1036 2361 in
1051 2302 1194 2362 sacellum
1213 2301 1344 2383 aliquod,

255 2403 416 2486 Nicephori
445 2402 580 2464 cubiculo
600 2403 790 2486 proximum,
814 2403 1038 2481 introducebat3
1069 2414 1099 2465 et
1118 2414 1246 2486 tyranno
1267 2425 1346 2488 pro·

256 2509 384 2570 fundum
400 2514 556 2582 stertente,
584 2505 759 2586 foribusque
781 2507 940 2587 obseratio,
966 2507 1033 2588 ipsa
1057 2527 1177 2586 surgena
1200 2526 1258 2587 per
1278 2527 1345 2567 sam

255 2611 408 2693 pertulum
424 2607 642 2667 intromittebat
656 2627 860 2688 percussores,
881 2629 935 2688 per
952 2628 1071 2690 quame
1089 2609 1226 2670 eubiculo
1243 2609 1346 2672 editus

257 2711 295 2772 ad
315 2710 456 2770 ancellum
472 2707 600 2790 patebat
633 2709 735 2789 ltaque
758 2731 911 2790 aggressus
933 2711 1128 2772 dormientem
1141 2711 1347 2794 Nicephorum

255 2811 408 2892 iugulebst
423 2813 616 2888 Domesticua‚
639 2811 709 2873 deus
722 2823 821 2873 autem
834 2815 897 2874 eius
911 2813 1076 2874 ministerio
1091 2813 1219 2893 quietem
1231 2815 1346 2896 populo

256 2937 309 2978 auo
331 2937 346 2974 a
362 2913 570 2975 molestissimo
585 2925 728 2976 vexstore
746 2915 923 2997 praestabat.
965 2914 1152 2976 Domestieus
1164 2917 1236 2977 inde
1250 2937 1346 2978 unum

256 3037 295 3077 ex
307 3015 507 3098 lmperstn'eia
521 3015 609 3096 filiis,
629 3039 645 3078 e
658 3018 760 3101 priore
772 3017 979 3095 matrimonio,
1001 3027 1033 3078 et
1051 3017 1182 3096 genuino
1202 3018 1346 3098 sanguine

256 3117 338 3195 regio
359 3126 507 3196 creatum,
533 3121 701 3198 Angustum
725 3121 928 3201 nuncupabat.
976 3119 1020 3180 lle
1041 3129 1139 3180 cetero
1159 3121 1345 3180 Domestiena

256 3215 283 3275 ia
302 3219 485 3298 appellatur,
508 3219 560 3296 qui
576 3222 730 3299 regionum
748 3220 980 3300 Byzantinamm
1003 3223 1046 3283 eia
1061 3222 1288 3302 Hellespontum
1309 3221 1345 3282 iu

257 3317 401 3380 orientem
414 3327 621 3401 porrectarum
636 3342 738 3382 eurem
752 3323 838 3402 gerit.

704 3425 726 3487 1.
739 3425 762 3483 1.
778 3445 809 3505 p.
822 3424 893 3492 6¹1.

1056 3403 1068 3440 b

337 3517 425 3581 Anno
441 3522 580 3584 ccctxt
596 3525 664 3606 (qui
685 3523 733 3586 die
751 3529 794 3593 23
813 3527 881 3587 Oet.
902 3525 937 3588 Α.
956 3525 1028 3591 Chr.
1049 3532 1112 3596 971
1129 3524 1242 3608 eoepit)
1256 3525 1346 3588 inva-

255 3617 366 3680 debant
383 3621 488 3684 Grueei
508 3625 655 3706 Djeairam
678 3627 710 3698 (i.
731 3647 757 3688 e.
776 3624 1030 3715 Mesopotamium)
1051 3629 1208 3705 Edessam,
1227 3628 1346 3690 Nisibi-

255 3739 341 3798 nsm,
363 3724 559 3807 caedibusque
579 3728 788 3806 grassabuntur
799 3740 831 3790 et
842 3731 970 3812 rapiuia5
991 3739 1096 3793 eontm
1108 3752 1182 3812 quoa
1196 3731 1347 3792 auxilium

254 3821 446 3904 implorantes
462 3827 634 3907 Bsgdsdnm
653 3831 845 3893 confluebant
862 3842 995 3892 extorres
1010 3832 1160 3896 bluslemi.
1202 3831 1294 3907 Quod
1309 3831 1345 3891 in

288 3981 316 4054 ⁴)
333 3987 512 4074 Malazeerdpe
528 3995 740 4074 oppugnationem
753 3995 902 4051 lllnaeiuua
919 4015 945 4068 p.
960 3999 1014 4054 280
1029 3997 1063 4052 ad
1080 4015 1176 4054 murat
1186 3999 1239 4056 358
1254 3998 1345 4052 refert.

320 4053 388 4108 Nam
399 4056 468 4176 pund
482 4059 519 4110 rbi
533 4061 572 4113 bra
584 4061 766 4148 legitur-repis
783 4067 900 4150 linetae,
917 4065 1034 4120 vitiosum
1046 4075 1126 4123 estet
1136 4067 1285 4152 Malaneard
1302 4084 1346 4120 re-

320 4137 404 4192 ponen
421 4141 471 4178 um.
505 4127 583 4180 Forte
597 4131 725 4184 eonnban
800 4142 839 4187 nat
859 4135 887 4187 br
906 4133 958 4188 duo
973 4143 1108 4201 auctores,
1125 4153 1149 4188 ar
1167 4137 1239 4190 daeaa
1249 4134 1346 4188 Mara·

320 4148 941 4337 tenum
957 4203 1080 4277 m,
1098 4205 1230 4272 Μ’
1246 4210 1275 4260 ‘⁸
1294 4205 1345 4260 '²⁰⁰
