2959 4850
530 289 785 364 PRAEFATIO.
1139 303 1207 354 ΣΠ
1329 321 1334 328 ’

128 461 245 516 auctore
265 450 305 514 οδ
329 452 389 514 hoo
410 452 587 534 opuseulum
606 451 708 514 addita
730 441 951 530 existimabam,
978 451 1012 512 in
1039 455 1207 534 prumentii

127 555 315 640 pnetermisi
357 559 435 618 Sunt
447 566 546 618 autem
564 557 694 618 εἰιιεδεοι
709 576 804 638 prope
820 556 985 636 argumenti
1002 575 1062 636 quo
1076 559 1209 638 supeiio·

124 681 174 733 n,
194 669 232 722 ut
245 679 286 720 ex
297 659 395 720 titulis
410 670 510 743 potest
522 659 667 739 intelligi,
689 660 743 739 qui
760 658 806 718 ιίο
824 679 855 719 ιο
876 657 1000 720 habent.
1019 660 1129 720 XXVI.
1141 655 1210 724 ’Ὅτι

122 759 160 830 ου’
180 765 231 826 δεῖ
247 757 425 844 διιληκειίειν
445 763 476 841 ἐξ
496 762 596 846 ἑτέρου
617 761 748 844 θέμενος
767 758 842 826 λαδν
861 763 905 837 είς
924 761 1026 845 ἑτέρου
1044 758 1210 845 θίματοςῆ

121 862 271 950 τιίχμοπος
285 860 447 946 ὁπλῆιιτον.
488 863 613 927 XXVII.
638 865 717 949 Περί
731 869 793 928 τοῖν
808 864 842 928 έν
853 862 938 928 νυκτλ
959 856 1146 944 ὁφειλουσοῖν
1164 865 1209 949 χί-
1268 875 1273 890 ’

120 977 245 1052 χνεσθαι
259 974 413 1049 φυλακυῖν,
434 964 663 1052 ἤτοικερκίτωυ.
699 967 837 1029 XXVIII.
858 966 935 1051 Περί
946 970 1008 1030 τοῖν
1022 961 1210 1046 ὁφειλυυσοῖν

120 1073 278 1154 χίχνεσθαι
297 1071 332 1136 έν
352 1072 438 1136 νυκτλ
453 1072 502 1136 καλ
522 1071 618 1158 ἦμέρμ
635 1075 759 1156 βιχλαῖν.
800 1069 912 1130 XXIX.
933 1073 1008 1144 Παῖς
1026 1071 1076 1133 δεῖ
1086 1066 1209 1155 σμικραί·
1265 1145 1270 1159 ι

121 1179 226 1238 νεσθαι
239 1169 277 1238 εδ
288 1169 450 1254 ὁπλῆκτου,
473 1169 636 1256 ὁλοκλήρου
654 1178 710 1253 τῆς
721 1174 843 1252 πεζικῆς
857 1179 996 1257 στρατιᾶς
1007 1167 1210 1255 ὁπαρχοὸσης,

120 1280 171 1356 τῆς
191 1275 225 1339 δέ
245 1300 281 1362 με
307 1277 434 1359 ἱππικῆς
461 1271 624 1360 ὁλιχοστῆς.
666 1278 766 1339 XXX.
789 1275 866 1359 Περί
888 1279 951 1340 τοῖν
977 1271 1016 1358 ιβ’
1035 1278 1209 1361 ταξιαρχεῖν.
1275 1270 1278 1287 ¹

120 1379 227 1440 XXXI.
239 1375 311 1444 “On
324 1381 379 1458 δεῖ,
401 1379 575 1460 ίπισφαλοῖν
589 1379 640 1442 καί
654 1383 766 1444 στινοῖν
778 1373 879 1444 τὸπων
892 1374 1079 1461 ὁπιίντων*),
1095 1380 1138 1453 είς
1153 1373 1210 1444 διίυ

120 1483 245 1566 διαιρεῖν
266 1477 387 1546 ἅπασαν
405 1480 462 1564 τη’ν
484 1478 638 1566 στρατιοῖν,
661 1481 727 1552 καλ,
740 1483 830 1563 διχυῖς
851 1475 1039 1563 ὁπληκεὸειν.
1081 1482 1209 1544 XXXII.

120 1583 194 1666 Περὶ
215 1590 289 1663 τοῦ,
315 1579 423 1672 ὁπόσον
445 1577 579 1670 α’ριθμὸν
600 1579 713 1666 ὁφείλει
734 1583 811 1668 ἔχειν
833 1581 867 1648 τὸ
891 1583 1014 1650 ίππικὸν
1035 1579 1209 1669 στράτευμα.

118 1687 257 1748 XXXIII.
280 1692 357 1762 Παῖς
377 1689 426 1751 δεῖ
440 1693 540 1750 ποιεῖν
553 1684 610 1770 τήν
630 1687 663 1752 ἐκ
684 1690 740 1751 τοῦ
750 1672 906 1768 ὀίπλήκτου
919 1687 1118 1772 στρατοπέδου
1130 1711 1208 1750 παν-

116 1785 164 1864 τδς
181 1783 375 1872 ἆποκῖνησιν.
416 1790 557 1854 XXXIV.
580 1789 655 1873 Περί
678 1789 859 1871 ὁδοιπορίας.
900 1790 1026 1852 XXXV.
1048 1786 1126 1872 Περί
1141 1793 1209 1865 τοῦ,

116 1896 178 1966 παῖς
191 1895 242 1958 δεῖ
250 1901 369 1970 ποιεῖν,
388 1887 437 1958 ’ὅτε
452 1898 613 1976 γνωσθεῖσι
627 1891 764 1974 πολέμιοι
782 1891 815 1955 έν
834 1893 920 1974 νυκτί
940 1887 1105 1977 βούλεσθαι
1125 1891 1210 1955 έπελ-

118 2001 183 2082 θεῖν
203 1999 249 2082 τῷ
270 1990 388 2078 χοίρακι.
430 1995 571 2056 XXXVI
593 1999 668 2070 Ποῖς
686 1996 735 2058 δεῖ
749 2002 864 2068 ποιεῖν,
886 1997 970 2080 είπερ
991 1988 1210 2077 ὁδοιπορούσης

117 2100 166 2176 τῆς
187 2101 329 2179 στρατιᾶς
351 2095 488 2181 πολέμιοι
506 2093 579 2178 μετὰ
599 2099 721 2180 βαρείας
744 2092 901 2178 δυνάμεως
918 2095 1011 2184 ταιίτη
1033 2097 1209 2162 ἐπέλθωσιν.

116 2199 265 2262 XXXVII.
290 2200 369 2285 Περλ
384 2205 456 2278 τοτῖ,
479 2201 507 2265 εί
521 2194 686 2280 ἀπαντήσει
698 2197 847 2279 στένωμα,
868 2195 1036 2283 ἢχεφιίρας
1051 2199 1103 2262 καί
1115 2221 1211 2263 ποτα·
1278 2237 1285 2246 -

118 2307 172 2384 μοιῖ
185 2303 312 2385 βαθέως
330 2305 510 2386 περαίωσις,
532 2303 562 2364 τί
577 2303 627 2365 δεῖ
641 2306 751 2365 ποιεῖν.
792 2301 960 2364 XXXVIII.
979 2307 1057 2391 Περί
1073 2310 1145 2385 τοῦ,
1167 2300 1211 2388 μή

118 2399 279 2490 έπὸμεσθαι
292 2407 415 2485 πλῆθος
428 2398 519 2489 α’ρχδν
535 2403 569 2469 έν
586 2409 626 2491 τῇ
637 2404 773 2492 πολεμίη.
816 2406 958 2468 XXXIX.
981 2408 1059 2493 Περί
1077 2413 1131 2491 τῆς
1153 2406 1211 2493 οίρ-

119 2502 261 2590 μοζοὸσης
273 2509 454 2583 πανοπλίας.
497 2509 561 2568 XL.
584 2507 661 2591 Περὶ
673 2512 744 2589 τοῦ,
760 2504 802 2593 μή
819 2508 895 2590 ἔχειν
909 2505 981 2585 τοδς
992 2506 1211 2594 εὸτελεστὲρους

117 2614 173 2673 τοῖν
194 2605 348 2695 οίρχὸντων
366 2602 491 2692 σκηνοίς.
532 2612 607 2671 XLI.
630 2610 707 2695 Περί
728 2606 918 2695 δουκατὸρων
935 2612 986 2675 καλ
1001 2609 1208 2677 κατασκόπων.

118 2712 202 2773 XLII.
224 2711 304 2796 Περί
320 2708 494 2788 διελειίσεως
509 2707 684 2796 κλεισοιίρας
699 2710 741 2795 μή
763 2714 959 2797 κατεχομένης
978 2713 1060 2799 παριί
1075 2719 1135 2779 τιῖν
1149 2740 1209 2779 πο-

118 2816 229 2895 λεμίων.
273 2815 379 2877 XLIII.
403 2814 482 2897 Περὶ
494 2810 669 2897 κλεισοὸρας
682 2814 879 2899 κατεχομένης
892 2815 953 2881 ὁπὸ
968 2822 1030 2881 τοῖν
1048 2819 1210 2898 πολεμίων.
1273 2806 1278 2813 ’

119 2916 215 2980 XLIV.
239 2914 321 2999 Περί
341 2917 522 2999 πολιορκίας.
563 2916 654 2979 XLV.
676 2922 751 2993 Παῖς
765 2922 823 3011 ιδεῖ
841 2908 1138 2999 φυλάττεσθαιτοδς
1167 2920 1211 2995 είς

119 3015 262 3102 συλλοχῆν
276 3022 386 3101 χρειοῖν
403 3012 684 3101 ἀποστελλομένους,
698 3021 751 3084 καί
764 3018 834 3097 ποεῖς
846 3008 990 3103 νέμοντας
1004 3018 1075 3095 τοδς
1088 3022 1209 3096 ῖππους.

117 3120 214 3181 XLVI
238 3126 317 3196 Παῖς
331 3122 379 3183 δεῖ
387 3115 604 3203 τροποίσασθαι
623 3119 695 3198 τοῖς
707 3126 882 3205 πολεμίους,
903 3121 973 3199 τοῖς
989 3122 1111 3203 ίνέδρας
1127 3132 1212 3186 τιθε-

118 3220 221 3301 μένους
241 3218 318 3286 κατὸ
332 3226 391 3284 ταῖν
405 3224 449 3297 είς
462 3220 609 3309 συλλογήν
621 3230 729 3307 χρειοῖν
741 3226 949 3309 ἐξερχομένων.
991 3226 1110 3285 XLVII.
1134 3217 1213 3305 Περί

116 3328 184 3401 τοῦ,
205 3325 234 3388 εί
248 3327 429 3407 γνωσθεῖσιν
448 3326 480 3387 οί
496 3320 621 3410 ἆρχηχολ
642 3331 703 3391 τοῖν
716 3331 867 3407 πολεμίων
887 3324 959 3410 μειοῖ
971 3331 1026 3408 τῆς
1036 3321 1095 3389 ὁπ’
1110 3319 1213 3400 ου’τοῖς

118 3422 270 3507 δυνάμεως
296 3420 401 3509 κρύφα
428 3415 581 3508 μέλλοντες
601 3425 876 3511 έπιβουλειίσασθαι
898 3433 941 3513 τῷ
964 3424 1166 3512 στρατοπέδῳ,
1187 3422 1212 3508 ἢ

118 3533 175 3602 τοῖς
188 3525 267 3611 πρὸς
283 3525 431 3611 συλλογὴν
445 3529 577 3607 ἐξιοῦσιν
590 3530 762 3615 ὁπουρχοῖς.
805 3531 938 3592 XLVIII.
963 3535 1037 3605 Παῖς
1048 3532 1096 3592 δεῖ
1104 3524 1213 3603 υυκτδς

118 3632 158 3713 τρῖ
170 3624 317 3716 ὁπλήκτηο
330 3634 392 3693 πεῖν
407 3632 558 3713 πολεμίων
576 3633 726 3697 ἐπελθεῖν.
767 3635 874 3697 XLIX.
898 3636 973 3706 Παῖς
994 3626 1120 3694 ivm&
1140 3630 1210 3710 3⁶²¹,
1339 3636 1353 3662 ⁸

119 3724 180 3808 μετ’
196 3727 412 3813 ἐπιτηδεύσεως
427 3729 499 3809 τοδς
516 3736 789 3819 πολιορκουμένους
803 3734 879 3820 πρδς
890 3732 927 3799 τοί
943 3731 1025 3809 έκτὸς
1043 3727 1212 3797 ἐπισπείσα-

119 3834 204 3907 σθαι,
224 3831 279 3894 καλ
293 3834 489 3916 τραυματίσαι
504 3831 629 3915 αὸτοὸς.
673 3840 705 3897 L.
729 3838 806 3922 Περί
829 3838 1023 3919 τειχομαχίας.
1064 3833 1112 3895 LI·
1135 3833 1212 3916 Περί

22 3937 27 3946 ’
87 3969 88 3978 ο
119 3933 170 3992 τοῦ
175 3974 186 4009 ,
207 3935 277 4007 παῖς
297 3936 345 3998 δεῖ
358 3930 413 3999 τδν
433 3931 594 4021 στρατηγὸν
616 3932 792 4016 δικάζεσθαι
814 3934 874 4020 **).
922 3938 985 4001 Ul·
1007 3934 1086 4021 Περὶ
1099 3930 1238 4029 ἆίνθᾙ

149 4110 178 4181 ·)
195 4112 270 4171 Fert.
287 4110 480 4176 ἀπαντώντων.

137 4212 194 4285 .**)
210 4216 300 4277 codex
314 4220 394 4289 ωοίε,
410 4220 605 4294 γυμνάζεσθαι.
