2959 4850
228 280 304 357 550
534 289 799 361 LUlI'PRANDl
815 288 1013 363 LEGATIO

225 458 294 533 post
309 448 502 531 quatriduum
518 472 565 511 me
579 450 667 511 iussit
680 448 772 513 adire.
813 449 962 510 Sedarnnt
976 470 1046 510 cnm
1059 468 1095 510 ea
1110 450 1149 510 ad
1164 448 1316 530 discepta-

224 556 337 615 tionem
362 562 514 634 vestram,
543 552 707 613 coeundum
734 572 840 613 eorum
865 552 1073 629 traditionem,
1107 545 1319 631 sapientisaiini

223 657 292 735 viri,
314 656 416 716 Attico
430 656 576 737 pollentes
589 654 718 735 eloquio,
734 655 865 715 Basilius
878 654 1146 730 Parakimomenos,
1156 651 1203 737 ¹⁸)
1224 654 1318 712 Proto

224 780 240 819 a
265 759 403 831 secretis,
432 758 693 833 Protovestisriua,
724 767 756 819 et
775 758 837 817 duo
857 756 1008 837 magistri,
1034 774 1162 836 quornm
1180 753 1240 813 hoc
1259 754 1319 814 suit

223 860 406 922 narrationis
419 859 557 920 initiumr
580 859 655 940 quid
669 880 775 921 causae
786 860 841 935 ait,
862 877 955 938 quare
968 867 1000 917 ta
1012 856 1073 916 lruc
1085 856 1231 935 fatigasti,
1252 858 1317 915 lra-

222 972 286 1041 ter,
309 963 445 1026 edissere.
489 960 683 1035 Quibuscum
696 962 866 1044 parentelae
881 959 990 1038 gratia,
1013 978 1089 1037 quaa
1107 968 1185 1019 esset
1198 958 1316 1018 occasio

207 1066 358 1126 'infinitae
378 1066 478 1146 pacis,
500 1065 664 1141 edicerem,
693 1065 851 1144 inquiunt:
880 1062 1016 1122 inaudita
1036 1082 1084 1123 res
1104 1071 1162 1138 est,
1184 1070 1219 1121 ut
1240 1063 1318 1120 Por·-

219 1168 433 1250 phyrogeniti¹
454 1167 724 1249 Porphyrogenita,
745 1165 804 1227 hoc
825 1175 885 1245 eat,
907 1168 941 1226 in
958 1187 1093 1248 purpura
1108 1162 1263 1238 natilitio,
1283 1162 1317 1221 in

223 1269 359 1352 purpura
379 1280 464 1348 nata,
487 1270 622 1349 gentibus
644 1270 820 1347 misceatur3
841 1288 948 1330 verum
962 1269 1032 1350 qraia
1045 1280 1106 1328 tam
1122 1264 1318 1327 excellentem

184 1384 287 1441 -Brem
303 1374 420 1454 petitis,
442 1374 469 1433 si
490 1373 567 1433 datia
587 1372 670 1453 quod
687 1373 788 1448 decet,
808 1370 1062 1452 accipietis-quod
1080 1370 1172 1446 libet5
1193 1369 1319 1427 liaren-

221 1496 291 1535 nam
316 1474 446 1549 scilicet,
468 1484 497 1534 et
511 1470 635 1535 Romam
658 1494 726 1533 oum
748 1474 795 1534 his
812 1474 948 1534 omnibus
969 1472 1166 1548 continuatis,
1189 1488 1265 1549 quae
1280 1468 1343 1526 ab·

221 1577 270 1639 hia
291 1588 362 1637 aunt
381 1595 476 1656 usque
495 1576 533 1635 ad
551 1596 616 1637 nos.
661 1576 691 1635 Si
708 1595 782 1635 vero
797 1577 959 1638 amicitiam
973 1557 1084 1657 absque
1098 1574 1250 1657 parentela
1266 1572 1319 1631 de-

222 1678 373 1754 sideratis,
395 1680 517 1739 Romam
539 1678 663 1737 liberam
683 1698 746 1739 esse
760 1679 904 1739 Dominus
919 1688 992 1741 tuns
1010 1678 1176 1761 permittat:
1199 1676 1319 1738 Princi-

221 1794 274 1861 pes
299 1790 412 1856 autem,
437 1782 609 1862 Capuanum
629 1780 760 1858 scilicet,
789 1790 821 1841 et
840 1781 1080 1843 Beneventanum
1101 1780 1203 1841 Sancti
1220 1781 1320 1841 nostri

222 1882 343 1962 imperii
363 1882 436 1942 olim
466 1904 586 1961 aomos,
613 1904 695 1945 nunc
717 1884 857 1962 rebelles,
884 1884 1022 1945 servituti
1041 1884 1186 1965 pristinae
1208 1884 1318 1949 madet.

223 1984 357 2062 Quibus,
378 1985 539 2047 Dominum
555 2006 668 2065 meum,
690 1988 831 2068 inquam,
853 1989 1037 2069 potentiores
1051 1986 1161 2047 habere
1173 1985 1318 2045 Schlavoa

225 2088 313 2149 Petro
335 2088 532 2167 Bulgsrorum
552 2091 644 2169 Rege,
667 2090 718 2169 qui
735 2089 944 2171 christophori
963 2089 1150 2170 imperatoris
1171 2088 1265 2147 liliam
1282 2086 1318 2145 in

221 2190 489 2269 coniugiumduxit
499 2191 586 2251 etiam
594 2192 651 2271 ipsi
659 2212 720 2251 non
730 2192 883 2271 ignoratis.
906 2193 965 2253 Sed
973 2190 1214 2272 christophorus,
1222 2189 1317 2267 aiunt,

222 2312 284 2352 non
299 2292 574 2373 Porphyrogenitua
588 2294 654 2355 suit.
697 2294 791 2355 Roma
803 2314 890 2372 vero,
910 2296 1049 2375 inquam,
1073 2314 1163 2373 quam
1175 2314 1228 2353 voa
1239 2281 1319 2352 libass

113 2394 115 2400 ’
220 2416 285 2457 ram
314 2414 375 2456 esse
400 2395 478 2457 velle
503 2395 688 2478 perstrepitis
712 2396 762 2457 cui
784 2397 902 2459 serviat
936 2398 986 2459 cni
1010 2398 1123 2460 tributa
1145 2394 1317 2479 persolvit?

191 2499 328 2564 cNonne
349 2499 434 2580 prius
450 2499 654 2560 meretricibus
670 2499 840 2560 serviebat?
860 2509 892 2560 et
904 2503 990 2563 robis
1004 2500 1236 2577 dormientibus,
1255 2499 1317 2560 im-

220 2621 270 2661 mo
296 2621 359 2662 non
380 2601 563 2679 valentibus,
591 2603 735 2663 Dominus
758 2623 841 2664 mens
863 2605 1028 2686 Imperator
1049 2605 1199 2684 Angustus
1217 2623 1235 2662 ι
1253 2611 1317 2662 tam

219 2705 304 2786 turpi
319 2705 464 2766 servitute
480 2703 643 2772 liberavit?
665 2706 878 2768 Constantinus
892 2708 1058 2789 Imperator
1072 2707 1240 2786 Augustus,
1261 2705 1317 2784 qni

218 2805 300 2868 hanc
316 2827 357 2867 ex
371 2827 426 2868 suo
439 2806 561 2866 nomine
574 2808 711 2869 condidit
725 2810 893 2890 civitatem,
916 2813 1040 2871 Sanctae
1052 2811 1242 2892 Apostolicae
1252 2811 1318 2869 llo-

219 2927 324 2970 manae
344 2899 512 2988 Ecclesiaej
533 2919 570 2971 ut
591 2921 654 2972 erat
675 2914 905 2992 Kosmoentor,
932 2916 1026 2975 multa
1046 2913 1170 2974 donaria
1188 2911 1317 2973 contulit

167 3083 170 3092 γ
217 3032 280 3073 non
299 3013 436 3074 initalia
454 3013 566 3091 solum,
587 3014 639 3075 aad
653 3015 686 3074 in
704 3019 840 3078 omnibus
852 3038 929 3098 pene
940 3016 1183 3079 occidentalibus
1197 3013 1315 3094 liegnis,

218 3133 275 3175 nec
297 3135 360 3176 non
377 3115 415 3175 de
429 3115 629 3177 Orientalibus
652 3129 739 3199 atque
759 3119 947 3200 Meridianis,
970 3119 1095 3192 Graecia
1110 3118 1241 3195 scilicet,
1262 3117 1316 3176 lu·

219 3217 291 3294 dea,
321 3215 454 3294 Perside,
485 3217 716 3300 Mesopotamia,
746 3222 930 3303 Babylonia,
964 3223 1116 3304 Aegypto,
1143 3219 1252 3298 Libya,
1280 3226 1316 3278 ut

218 3318 314 3399 ipsius
329 3326 478 3380 testantur
489 3321 646 3402 privilegia
654 3370 663 3402 ,
690 3343 767 3405 quae
778 3345 870 3405 penes
882 3345 937 3386 nos
953 3335 1033 3384 sunt.
1077 3326 1154 3384 sana
1168 3320 1316 3403 quidquid

219 3421 370 3498 initalia,
392 3421 490 3484 sedin
504 3425 650 3504 Saxonis,
673 3427 806 3489 Baioaria
815 3475 824 3507 ,
847 3429 982 3490 omnibns
999 3427 1119 3487 Domini
1135 3427 1193 3488 mei
1207 3423 1315 3503 Regula

185 3531 279 3602 Deat,
307 3524 389 3604 quod
412 3525 450 3586 ad
470 3527 683 3608 Apostolorum
703 3531 862 3591 Beatorum
884 3530 1048 3592 Ecclesiam
1070 3529 1209 3610 respicit,
1237 3529 1317 3585 San·

217 3625 419 3690 ctissimorom
437 3625 650 3709 Apostolorum
666 3633 787 3696 vicano
807 3631 945 3696 contulit.
986 3631 1063 3694 Etsi
1078 3640 1136 3710 eat,
1158 3640 1195 3690 ut
1210 3628 1318 3690 Domi·
1443 3685 1448 3694 .

217 3749 275 3790 nus
294 3751 378 3793 meua
399 3749 438 3792 ex
458 3730 507 3792 his
527 3733 666 3795 omnibus
686 3735 839 3813 civitates,
865 3737 972 3815 villas,
998 3735 1126 3813 milites,
1151 3743 1203 3794 ant
1226 3731 1316 3793 fami·

214 3831 288 3892 liam
312 3835 461 3912 obtineat,
494 3834 590 3897 Deum
610 3839 726 3918 negavi.
770 3839 832 3898 Car
850 3839 1016 3920 Imperator
1033 3857 1108 3899 vero
1127 3855 1192 3898 non
1209 3835 1316 3895 itidem

215 3933 302 4013 usit,
328 3947 365 3996 ut
386 3957 436 4012 ea,
466 3957 543 4018 quae
565 3939 627 4000 suis
649 3941 754 4002 ineunt
778 3940 903 4019 Regma,
931 3941 1143 4021 Apostolorum
1167 3938 1316 4000 Ecclesiae

212 4035 334 4116 reddat,
356 4047 387 4099 et
399 4059 455 4122 per
471 4041 621 4124 laborem,
642 4053 732 4125 atque
747 4043 983 4111 munificentiam
996 4043 1116 4106 Domini
1135 4041 1195 4104 mei
1212 4042 1314 4117 ditem,

249 4239 291 4298 18.
313 4239 345 4296 ld
361 4245 404 4298 aet
423 4241 608 4303 causantes.
627 4246 703 4302 cea
