2959 4850
411 301 457 372 ΙΝ
475 299 717 368 TllEODOSII
734 295 965 370 AGROASES.
1159 285 1241 362 587.

145 453 297 545 ποίριργον
308 457 402 522 sidem
414 458 513 535 luisse,
533 457 594 519 boc
609 465 664 530 est,
685 458 770 520 nollo
782 457 885 518 lab‘ore
897 457 933 516 ab
949 474 984 516 eo
999 473 1116 518 caesum
1122 447 1238 518 ‘ambit

146 545 303 608 Pausanias
313 545 346 605 in
359 544 493 604 Phocicis
506 543 556 604 lib.
571 545 609 603 X.
623 565 686 624 cap.
697 549 748 610 27.
769 543 878 602 Eadem
891 542 993 622 itaque
1007 561 1045 601 ex
1058 562 1144 601 causa
1158 541 1236 602 The-

146 631 267 691 edesius
284 629 464 692 Graecorum
479 628 682 688 fortitudinem
695 629 820 688 innuere
836 629 936 688 volens
956 627 1064 706 inquit,
1085 625 1238 706 Nicepho-

146 735 214 776 rum
231 715 360 776 emisisse
372 735 442 774 suos
462 713 570 773 milites
584 708 621 776 oi
632 711 804 795 παρέργως,
826 734 884 772 non
893 712 989 788 facili
1001 731 1107 790 nempe
1119 714 1238 790 negotio

145 798 340 879 superandos,
354 808 458 879 utpote
470 809 551 859 recte
563 797 736 874 instructos,
751 808 894 877 tantoque
908 798 1006 856 suune
1021 795 1181 877 praeditos,
1200 804 1238 855 ut

144 903 208 944 non
230 886 294 945 sine
317 886 446 944 maximo
464 885 564 944 labore
578 883 660 942 vinci
675 903 691 940 s
705 882 840 944 barbaris
860 891 990 962 possent.
1032 874 1092 960 [Ου’
1105 876 1166 960 μήν
1178 903 1238 942 πα-

145 965 265 1050 ρέργως,
287 989 348 1028 nou
365 989 434 1028 sene
449 968 640 1046 negligenter,
658 987 798 1048 curaque,
820 989 908 1047 quam
923 987 971 1027 res
983 965 1163 1046 requirebat,
1183 985 1240 1026 ue·

145 1053 252 1131 glecta.
277 1054 321 1113 cf.
345 1053 383 1111 ad
397 1053 567 1114 Philostrati
580 1055 644 1113 lun.
659 1053 766 1132 lmogg.
777 1075 810 1135 p.
825 1057 896 1118 613.
909 1053 943 1110 F.
962 1051 998 1131 l.]

232 1141 303 1204 110.
324 1129 406 1200 ’meet
426 1135 459 1200 tt
476 1132 599 1216 πάντες]
623 1138 758 1214 Gladem,
780 1157 869 1217 quam
890 1137 980 1197 simul
1004 1157 1038 1196 ac
1054 1135 1240 1214 Nicephorius

147 1241 215 1281 eum
229 1221 364 1282 exercitu
377 1223 492 1283 Cretam
507 1223 664 1303 applicuit,
683 1223 801 1282 barbari
819 1230 1007 1301 acceperunt
1028 1221 1169 1302 graphice
1183 1222 1234 1281 de·
1249 1231 1282 1286 Ρ.
1299 1234 1353 1290 ³80

145 1305 252 1366 scribit
275 1312 395 1388 poeta..
429 1308 473 1366 De
501 1305 562 1366 hoc
579 1309 765 1368 'Graecorum
778 1327 848 1367 cum
868 1306 1021 1367 Saracenis
1050 1306 1236 1366 Cretensibus
1252 1303 1341 1360 coll

145 1389 244 1470 primo
263 1390 407 1450 conflictu
425 1393 485 1470 agit
504 1393 563 1451 Leo
584 1392 746 1464 hierenus,
769 1392 819 1452 ubi
845 1391 900 1452 eit:
928 1394 1011 1450 Tunc
1028 1392 1241 1451 Romanorum

145 1477 224 1534 Dux
238 1475 428 1554 Nicephorius
448 1477 566 1556 triplici
586 1479 707 1555 agmins
726 1475 895 1536 distributa
915 1480 997 1552 acie,
1020 1477 1190 1557 citpeisqus
1205 1498 1244 1536 ae

145 1557 247 1618 hastis
263 1559 353 1638 longe
364 1563 552 1641 constipata,
575 1561 716 1620 bellicum
738 1583 863 1638 canens,
884 1582 954 1618 cum
969 1565 1068 1619 crucis
1084 1573 1243 1640 tropaeum

141 1646 263 1722 praeire
282 1644 436 1723 iussisset,
458 1645 583 1706 obversa
596 1646 704 1722 fronte
731 1648 764 1704 in
787 1645 934 1704 barbaros
955 1648 1062 1704 irruit:
1092 1649 1243 1724 gravique

145 1739 278 1786 conserto
298 1731 437 1808 praelio,
464 1732 622 1810 instarque
647 1728 815 1810 grandinis
832 1728 1044 1790 devolauibue
1061 1731 1130 1788 telis
1153 1727 1245 1788 haud

137 1813 213 1892 fleri
229 1824 369 1892 poterat,
391 1825 426 1873 ut
441 1814 567 1874 barbari
581 1817 796 1888 Romanarum
816 1814 940 1874 imbrem
954 1818 1143 1894 sagittarum
1164 1813 1244 1872 dirs-
1356 1860 1360 1869 .

146 1901 210 1956 tius
230 1900 366 1972 ferrent:
400 1902 476 1980 quin
506 1903 567 1958 imo
589 1910 677 1980 terga
703 1910 863 1977 vettones,
893 1900 1054 1979 solutaque
1071 1900 1242 1980 phalange,

147 2002 241 2063 quam
264 1983 356 2064 effuse
377 1983 468 2043 licuit
487 2005 612 2043 cursum
635 1982 835 2063 expedientes,
866 1986 899 2042 in
917 2005 1008 2042 saum
1032 2007 1064 2042 se
1078 1983 1244 2063 praedium

147 2088 284 2146 recepere.
334 2069 471 2128 Romani
489 2089 570 2150 pone
597 2081 750 2150 sequentes
777 2070 954 2150 immensam
982 2089 1085 2128 eorum
1112 2080 1246 2148 stragem

147 2149 306 2215 dederunt.
362 2155 464 2212 Talem
482 2157 630 2214 nintirum
653 2156 757 2234 prima
778 2157 934 2233 aggressio
959 2173 1129 2234 pugnaque
1155 2155 1243 2230 sars-

146 2247 228 2294 stum
243 2239 396 2308 Romania
408 2251 501 2298 nacta
508 2239 605 2318 finem
629 2250 681 2299 est.
703 2302 708 2308 ,
723 2237 791 2300 Vid.
809 2238 932 2316 Pagium
953 2237 1025 2298 crit.
1036 2238 1070 2297 in
1084 2237 1161 2300 ann
1173 2239 1243 2302 Ber.

146 2321 232 2382 Τοῦ·
246 2322 296 2382 lll·
310 2341 376 2402 peg-
393 2325 464 2390 874.
501 2319 595 2403 [Ἐπεί
609 2321 642 2386 tl
655 2316 766 2399 πάντες
778 2313 859 2403 ἦσαν
874 2317 939 2388 οίντί
953 2324 1072 2403 θηρίων
1082 2324 1160 2381 male
1174 2342 1244 2384 ver·

145 2405 239 2466 titur:
267 2410 460 2488 egressi-runt
475 2420 581 2469 contra
594 2409 720 2469 belluas.
762 2410 871 2468 Sensus
890 2417 951 2486 est,
971 2407 1081 2469 milites
1093 2410 1243 2469 Romanos

145 2488 230 2551 haud
251 2509 337 2551 secus
353 2514 388 2552 uc
401 2496 479 2555 feras
493 2494 615 2555 irruisse
631 2495 663 2554 in
677 2493 795 2571 hostes,
816 2503 847 2552 et
860 2494 994 2573 undique
1008 2514 1040 2553 se
1054 2493 1244 2573 pestilentiae

147 2576 188 2637 ad
208 2576 305 2637 instar
321 2577 355 2635 in
371 2586 482 2640 terram
495 2580 634 2639 hostilem
652 2578 861 2639 offensaect
875 2578 954 2638 infra
967 2600 996 2639 v.
1009 2582 1080 2645 2⁰8.
1093 2579 1126 2637 F.
1139 2576 1177 2659 l.]

232 2660 315 2742 [117.
342 2666 380 2749 τῇ
405 2666 509 2727 ποδοῖν
539 2658 710 2747 περικλάσει
733 2664 882 2724 vertiturt
909 2665 1079 2722 conculcati
1103 2662 1244 2743 pedihus.
1324 2674 1327 2681 '

146 2744 228 2821 lmo,
249 2747 283 2805 in
296 2746 348 2805 illa
360 2748 566 2828 latinatione,
590 2768 682 2829 quum
696 2750 889 2827 sugerent-
900 2743 977 2831 πρός
992 2743 1095 2828 φυγήν
1110 2748 1189 2808 enim
1202 2749 1245 2809 le·
1304 2764 1308 2771 ·

147 2829 278 2909 gendum
298 2851 354 2911 pro
368 2830 446 2914 πρός
462 2829 583 2917 σφαγήν
598 2833 866 2911 -conciderunt,
877 2835 986 2910 fracto
997 2830 1111 2913 pedum
1123 2833 1245 2913 rebore3

149 2914 231 2993 quod
244 2924 288 2973 est
302 2910 374 2979 tiro
387 2915 521 3001 γούνατα
535 2919 619 2999 apud
634 2918 806 2980 Homerum.
822 2919 856 2977 F.
869 2917 910 2999 1.]

174 3008 183 3023 '
232 3002 305 3065 128.
327 3004 426 3081 Γονῆς
445 2996 616 3087 οἷοτοργίαν]
638 3004 766 3066 Tantum
793 3013 917 3083 accepta
930 3002 1028 3063 clades
1039 3002 1177 3065 timorem
1198 3004 1247 3063 ss-

148 3082 238 3144 minis
251 3084 424 3161 incusserat,
448 3097 483 3146 ut
495 3088 639 3147 naturalis
652 3088 739 3148 etiam
755 3087 879 3147 effectus
891 3086 924 3147 in
942 3088 1022 3149 filios
1036 3089 1074 3148 ob
1087 3088 1247 3153 imminens

147 3168 318 3250 periculum
343 3170 595 3233 obliviscerentur.
639 3176 737 3251 Γονῆς
752 3166 912 3254 οἷοτοργίαν
926 3174 1068 3247 κίνδυνος
1082 3165 1246 3256 οίντήγτιρε,

147 3263 184 3313 nt
203 3254 309 3313 melius
323 3254 384 3317 vim
401 3257 530 3317 Graecae
552 3256 642 3317 huius
659 3256 821 3317 locutionis
839 3258 1068 3337 exprimeremus
1084 3258 1245 3319 vertimusa

143 3340 319 3419 periculum
342 3343 533 3423 extinguebat
556 3353 726 3402 maternum
749 3363 880 3402 amorem
907 3345 940 3403 in
955 3344 1050 3422 filios.
1085 3339 1247 3424 ”Auropyoc

148 3418 301 3484 uGraecis
322 3427 446 3509 proprie
467 3426 598 3505 elicitur,
622 3428 675 3507 qui
696 3446 804 3508 expers
829 3438 875 3489 est
888 3429 1014 3504 amosis,
1036 3447 1096 3507 quo
1109 3436 1248 3506 parentes

147 3508 258 3569 liberos
271 3528 341 3569 suos
352 3523 591 3593 prosequuntur:
620 3532 711 3593 quere
722 3512 891 3573 Athenaeus
904 3513 1011 3591 Deipn.
1022 3513 1074 3575 lib.
1087 3512 1167 3573 xlv.
1181 3532 1247 3591 esp.

148 3598 198 3660 20.
222 3614 288 3674 pag.
301 3596 373 3663 65⁵.
398 3598 435 3657 ‹le
451 3599 552 3660 avium
565 3607 673 3659 natura
683 3598 828 3677 loquens,
850 3618 923 3677 ques
937 3596 1129 3675 Meleagridss
1142 3596 1248 3677 appel-

146 3676 222 3754 lent,
243 3679 359 3757 inquit:
387 3678 448 3745 ίοτι
463 3681 496 3746 tt
511 3680 657 3765 ἄστοργον
673 3678 750 3765 πρός
763 3679 800 3745 τοί
815 3682 921 3763 ἔκγονα
935 3678 969 3746 τό
983 3679 1109 3763 ὄρνεον,
1131 3692 1174 3740 est
1189 3702 1247 3742 αν-
1329 3671 1332 3690 ”

148 3772 208 3820 tem
224 3764 360 3837 animal,
382 3766 467 3845 quod
489 3790 551 3827 nors
573 3771 619 3826 ita
632 3768 753 3848 prolem
765 3788 857 3825 suam
871 3778 966 3829 arsat.
1006 3766 1124 3827 Aroes
1137 3762 1247 3848 ίὶοτορ-1

150 3869 204 3929 γοα
217 3866 322 3907 vocem
338 3844 496 3935 ἀστοργίαν
509 3851 657 3913 derivavit
669 3850 868 3929 Theodosius,
889 3872 978 3933 quam
990 3871 1095 3913 vocem
1105 3851 1140 3911 iu
1154 3852 1247 3913 uras-

151 3930 195 3991 eis
209 3932 342 3993 melioris
358 3936 423 3996 aeri
438 3936 633 4018 scriptoribus
650 3938 705 3995 vix
716 3937 858 4018 reperies.

226 4020 307 4083 128.
333 4021 473 4103 Τρίχροος
492 4022 629 4104 τιμωρία]
653 4022 757 4083 Clades
775 4042 793 4081 s
808 4020 930 4083 Graecis
946 4021 1032 4082 illata
1043 4019 1176 4083 berbsrh
1191 4022 1248 4079 tri-

149 4102 234 4161 color
246 4102 324 4161 ultio
339 4106 508 4187 appellatur
524 4128 542 4167 s
556 4106 723 4169 Theodosio
740 4108 778 4167 ob
793 4107 913 4169 eaedem
925 4127 1033 4189 nempe
1045 4126 1161 4185 senum,
1174 4124 1249 4186 put·

149 4206 269 4263 rorum,
294 4208 329 4248 so
346 4192 503 4251 mulierum
512 4236 522 4270 ,
544 4212 618 4271 quos
632 4193 722 4253 modo
737 4192 923 4255 memorarit.
1271 4208 1275 4213 ’

236 4274 306 4340 teu
328 4271 498 4361 Είοήγοντο
513 4280 575 4343 τῶν
592 4280 696 4343 mter
709 4276 781 4359 ἔον]
800 4277 837 4339 lo
853 4274 1003 4359 excerptis
1015 4275 1124 4339 Leonis
1139 4274 1250 4337 Disso-
