<?xml version="1.0" encoding="UTF-8"?>
<!DOCTYPE html PUBLIC "-//W3C//DTD XHTML 1.0 Transitional//EN"
    "http://www.w3.org/TR/xhtml1/DTD/xhtml1-transitional.dtd">
<html xmlns="http://www.w3.org/1999/xhtml" xml:lang="en" lang="en">
 <head>
  <title>
</title>
<meta http-equiv="Content-Type" content="text/html;charset=utf-8" />
  <meta name='ocr-system' content='tesseract 3.04.00' />
  <meta name='ocr-capabilities' content='ocr_page ocr_carea ocr_par ocr_line ocrx_word'/>
</head>
<body>
  <div class='ocr_page' id='page_1' title='image "./corpusscriptoru00theogoog/corpusscriptoru00theogoog_0628.png"; bbox 0 0 2959 4850; ppageno 0'>
   <div class='ocr_carea' id='block_1_1' title="bbox 223 290 1159 374">
    <p class='ocr_par' dir='ltr' id='par_1_1' title="bbox 223 290 1159 374">
     <span class='ocr_line' id='line_1_1' title="bbox 223 290 1159 374; baseline 0.005 -5"><span class='ocrx_word' id='word_1_1' title='bbox 223 290 228 298; x_wconf 69' lang='grc'><strong>’</strong></span> <span class='ocrx_word' id='word_1_2' title='bbox 263 291 341 370; x_wconf 74' lang='lat'><strong>582</strong></span> <span class='ocrx_word' id='word_1_3' title='bbox 464 305 506 374; x_wconf 87' lang='lat' dir='ltr'><strong>N.</strong></span> <span class='ocrx_word' id='word_1_4' title='bbox 531 303 579 370; x_wconf 87' lang='grc' dir='ltr'><strong>Μ.</strong></span> <span class='ocrx_word' id='word_1_5' title='bbox 598 301 798 372; x_wconf 84' lang='lat' dir='ltr'>FOGGINII</span> <span class='ocrx_word' id='word_1_6' title='bbox 815 301 1159 374; x_wconf 70' lang='lat' dir='ltr'><strong>nnnorfflottus</strong></span> 
     </span>
    </p>
   </div>
   <div class='ocr_carea' id='block_1_2' title="bbox 167 459 1359 3002">
    <p class='ocr_par' dir='ltr' id='par_1_2' title="bbox 167 459 1359 3002">
     <span class='ocr_line' id='line_1_2' title="bbox 264 459 1359 546; baseline -0.005 -19"><span class='ocrx_word' id='word_1_7' title='bbox 264 461 464 546; x_wconf 72' lang='lat' dir='ltr'><strong>vituperium,</strong></span> <span class='ocrx_word' id='word_1_8' title='bbox 495 461 655 524; x_wconf 72' lang='lat' dir='ltr'><strong>Theodosii</strong></span> <span class='ocrx_word' id='word_1_9' title='bbox 680 462 805 524; x_wconf 77' lang='lat' dir='ltr'><strong>coneilio</strong></span> <span class='ocrx_word' id='word_1_10' title='bbox 831 481 895 522; x_wconf 87' lang='lat' dir='ltr'><strong>non</strong></span> <span class='ocrx_word' id='word_1_11' title='bbox 922 461 1138 524; x_wconf 75' lang='lat' dir='ltr'><strong>adverteretur.</strong></span> <span class='ocrx_word' id='word_1_12' title='bbox 1187 459 1237 522; x_wconf 72' lang='lat' dir='ltr'><strong>An</strong></span> <span class='ocrx_word' id='word_1_13' title='bbox 1262 481 1359 524; x_wconf 81' lang='lat' dir='ltr'><strong>voce-</strong></span> 
     </span>
     <span class='ocr_line' id='line_1_3' title="bbox 265 543 1358 630; baseline -0.003 -20"><span class='ocrx_word' id='word_1_14' title='bbox 265 551 335 610; x_wconf 90' lang='lat' dir='ltr'><strong>bulo</strong></span> <span class='ocrx_word' id='word_1_15' title='bbox 359 543 492 630; x_wconf 77' lang='grc' dir='ltr'><strong><em>ιιόμιιισς</em></strong></span> <span class='ocrx_word' id='word_1_16' title='bbox 513 546 760 628; x_wconf 67' lang='lat' dir='ltr'><strong>triumphatorem</strong></span> <span class='ocrx_word' id='word_1_17' title='bbox 774 547 935 626; x_wconf 81' lang='lat' dir='ltr'><strong>eignifieeri</strong></span> <span class='ocrx_word' id='word_1_18' title='bbox 954 547 1081 624; x_wconf 71' lang='lat' dir='ltr'><strong>dinatio,</strong></span> <span class='ocrx_word' id='word_1_19' title='bbox 1101 566 1196 628; x_wconf 81' lang='lat' dir='ltr'><strong>quum</strong></span> <span class='ocrx_word' id='word_1_20' title='bbox 1209 547 1265 608; x_wconf 81' lang='lat' dir='ltr'><strong>vix</strong></span> <span class='ocrx_word' id='word_1_21' title='bbox 1278 549 1358 607; x_wconf 81' lang='lat' dir='ltr'><strong>aliua</strong></span> 
     </span>
     <span class='ocr_line' id='line_1_4' title="bbox 266 631 1357 715; baseline -0.002 -21"><span class='ocrx_word' id='word_1_22' title='bbox 266 635 422 715; x_wconf 85' lang='lat' dir='ltr'><strong>quiequam</strong></span> <span class='ocrx_word' id='word_1_23' title='bbox 452 636 553 712; x_wconf 86' lang='lat' dir='ltr'><strong>pluree</strong></span> <span class='ocrx_word' id='word_1_24' title='bbox 586 633 860 714; x_wconf 74' lang='lat' dir='ltr'><strong>splendidioreaque</strong></span> <span class='ocrx_word' id='word_1_25' title='bbox 889 631 1056 712; x_wconf 74' lang='lat' dir='ltr'><strong>triuntphoe</strong></span> <span class='ocrx_word' id='word_1_26' title='bbox 1090 632 1204 710; x_wconf 80' lang='lat' dir='ltr'><strong>egeritl</strong></span> <span class='ocrx_word' id='word_1_27' title='bbox 1245 632 1357 692; x_wconf 81' lang='lat' dir='ltr'><strong>Verum</strong></span> 
     </span>
     <span class='ocr_line' id='line_1_5' title="bbox 267 717 1357 800; baseline 0.003 -22"><span class='ocrx_word' id='word_1_28' title='bbox 267 719 413 800; x_wconf 87' lang='lat' dir='ltr'><strong>quidquid</strong></span> <span class='ocrx_word' id='word_1_29' title='bbox 436 718 492 794; x_wconf 87' lang='lat' dir='ltr'><strong>eit,</strong></span> <span class='ocrx_word' id='word_1_30' title='bbox 519 719 620 796; x_wconf 86' lang='lat' dir='ltr'><strong>looue,</strong></span> <span class='ocrx_word' id='word_1_31' title='bbox 649 718 686 778; x_wconf 92' lang='lat' dir='ltr'><strong>de</strong></span> <span class='ocrx_word' id='word_1_32' title='bbox 713 738 773 797; x_wconf 90' lang='lat' dir='ltr'><strong>quo</strong></span> <span class='ocrx_word' id='word_1_33' title='bbox 796 738 886 798; x_wconf 82' lang='lat' dir='ltr'><strong>cupra</strong></span> <span class='ocrx_word' id='word_1_34' title='bbox 915 717 1062 794; x_wconf 84' lang='lat' dir='ltr'><strong>diximua,</strong></span> <span class='ocrx_word' id='word_1_35' title='bbox 1086 717 1141 776; x_wconf 88' lang='lat'>111.</span> <span class='ocrx_word' id='word_1_36' title='bbox 1158 721 1231 784; x_wconf 78' lang='lat'><strong>209.</strong></span> <span class='ocrx_word' id='word_1_37' title='bbox 1254 720 1357 797; x_wconf 72' lang='lat' dir='ltr'><strong>Booti·</strong></span> 
     </span>
     <span class='ocr_line' id='line_1_6' title="bbox 265 795 1357 884; baseline -0.004 -18"><span class='ocrx_word' id='word_1_38' title='bbox 265 825 334 879; x_wconf 76' lang='grc' dir='ltr'><strong><em>νος,</em></strong></span> <span class='ocrx_word' id='word_1_39' title='bbox 363 801 397 878; x_wconf 69' lang='lat'><strong>‘0¹3</strong></span> <span class='ocrx_word' id='word_1_40' title='bbox 417 806 473 866; x_wconf 80' lang='grc' dir='ltr'><strong>τοῦ</strong></span> <span class='ocrx_word' id='word_1_41' title='bbox 498 803 632 883; x_wconf 78' lang='lat' dir='ltr'><strong>mopniou</strong></span> <span class='ocrx_word' id='word_1_42' title='bbox 656 803 752 884; x_wconf 75' lang='grc' dir='ltr'><strong><em>ἔβαψε</em></strong></span> <span class='ocrx_word' id='word_1_43' title='bbox 773 798 830 883; x_wconf 73' lang='grc' dir='ltr'><strong>τὴν</strong></span> <span class='ocrx_word' id='word_1_44' title='bbox 852 799 999 884; x_wconf 74' lang='grc' dir='ltr'><strong>μάχαιραν</strong></span> <span class='ocrx_word' id='word_1_45' title='bbox 1021 802 1054 864; x_wconf 67' lang='grc' dir='ltr'><strong>ἐκ</strong></span> <span class='ocrx_word' id='word_1_46' title='bbox 1076 805 1136 864; x_wconf 70' lang='grc' dir='ltr'><strong>τῶν</strong></span> <span class='ocrx_word' id='word_1_47' title='bbox 1160 795 1293 882; x_wconf 73' lang='grc' dir='ltr'><strong>αἱμάτων</strong></span> <span class='ocrx_word' id='word_1_48' title='bbox 1318 835 1357 846; x_wconf 90' lang='lat'>-</span> 
     </span>
     <span class='ocr_line' id='line_1_7' title="bbox 265 881 1357 966; baseline -0.004 -18"><span class='ocrx_word' id='word_1_49' title='bbox 265 908 365 948; x_wconf 90' lang='lat' dir='ltr'><strong>nonne</strong></span> <span class='ocrx_word' id='word_1_50' title='bbox 381 887 533 948; x_wconf 75' lang='lat' dir='ltr'><strong>manifecte</strong></span> <span class='ocrx_word' id='word_1_51' title='bbox 549 887 655 964; x_wconf 90' lang='lat' dir='ltr'><strong>docet,</strong></span> <span class='ocrx_word' id='word_1_52' title='bbox 675 906 751 947; x_wconf 80' lang='lat' dir='ltr'><strong>voce</strong></span> <span class='ocrx_word' id='word_1_53' title='bbox 768 889 900 966; x_wconf 73' lang='grc' dir='ltr'><strong><em>πομπίσς</em></strong></span> <span class='ocrx_word' id='word_1_54' title='bbox 918 887 980 946; x_wconf 83' lang='lat' dir='ltr'><strong>aive</strong></span> <span class='ocrx_word' id='word_1_55' title='bbox 992 881 1141 965; x_wconf 75' lang='grc' dir='ltr'><strong><em>πόμπισς,</em></strong></span> <span class='ocrx_word' id='word_1_56' title='bbox 1163 905 1201 946; x_wconf 79' lang='lat' dir='ltr'><strong>ex</strong></span> <span class='ocrx_word' id='word_1_57' title='bbox 1215 905 1357 966; x_wconf 82' lang='lat' dir='ltr'><strong>quocun.</strong></span> 
     </span>
     <span class='ocr_line' id='line_1_8' title="bbox 265 969 1358 1052; baseline -0.003 -19"><span class='ocrx_word' id='word_1_58' title='bbox 265 993 322 1052; x_wconf 87' lang='lat' dir='ltr'><strong>que</strong></span> <span class='ocrx_word' id='word_1_59' title='bbox 339 971 457 1032; x_wconf 87' lang='lat' dir='ltr'><strong>tandem</strong></span> <span class='ocrx_word' id='word_1_60' title='bbox 471 974 552 1033; x_wconf 84' lang='lat' dir='ltr'><strong>iente</strong></span> <span class='ocrx_word' id='word_1_61' title='bbox 568 972 745 1046; x_wconf 74' lang='lat' dir='ltr'><strong>manaverit,</strong></span> <span class='ocrx_word' id='word_1_62' title='bbox 769 973 919 1031; x_wconf 81' lang='lat' dir='ltr'><strong>Cteearem</strong></span> <span class='ocrx_word' id='word_1_63' title='bbox 932 971 1108 1048; x_wconf 79' lang='lat' dir='ltr'><strong>aignificnri,</strong></span> <span class='ocrx_word' id='word_1_64' title='bbox 1129 991 1147 1028; x_wconf 88' lang='lat' dir='ltr'><strong>a</strong></span> <span class='ocrx_word' id='word_1_65' title='bbox 1161 970 1255 1030; x_wconf 88' lang='lat' dir='ltr'><strong>Bruto</strong></span> <span class='ocrx_word' id='word_1_66' title='bbox 1269 969 1358 1030; x_wconf 86' lang='lat' dir='ltr'><strong>oeci·</strong></span> 
     </span>
     <span class='ocr_line' id='line_1_9' title="bbox 265 1055 1356 1136; baseline -0.002 -18"><span class='ocrx_word' id='word_1_67' title='bbox 265 1057 353 1118; x_wconf 82' lang='lat' dir='ltr'><strong>euml</strong></span> <span class='ocrx_word' id='word_1_68' title='bbox 376 1059 432 1116; x_wconf 89' lang='lat' dir='ltr'><strong>Sed</strong></span> <span class='ocrx_word' id='word_1_69' title='bbox 449 1065 583 1136; x_wconf 75' lang='lat' dir='ltr'><strong>superent</strong></span> <span class='ocrx_word' id='word_1_70' title='bbox 603 1057 708 1117; x_wconf 71' lang='lat' dir='ltr'><strong>tertius</strong></span> <span class='ocrx_word' id='word_1_71' title='bbox 724 1058 758 1115; x_wconf 89' lang='lat' dir='ltr'><strong>in</strong></span> <span class='ocrx_word' id='word_1_72' title='bbox 778 1055 826 1116; x_wconf 84' lang='lat' dir='ltr'><strong>hie</strong></span> <span class='ocrx_word' id='word_1_73' title='bbox 847 1056 1024 1116; x_wconf 75' lang='lat' dir='ltr'><strong>Acroaaibue</strong></span> <span class='ocrx_word' id='word_1_74' title='bbox 1042 1056 1141 1130; x_wconf 72' lang='lat' dir='ltr'><strong>locun,</strong></span> <span class='ocrx_word' id='word_1_75' title='bbox 1163 1055 1216 1134; x_wconf 88' lang='lat' dir='ltr'><strong>qui</strong></span> <span class='ocrx_word' id='word_1_76' title='bbox 1235 1075 1356 1116; x_wconf 85' lang='lat' dir='ltr'><strong>omnem</strong></span> 
     </span>
     <span class='ocr_line' id='line_1_10' title="bbox 263 1139 1356 1222; baseline -0.004 -19"><span class='ocrx_word' id='word_1_77' title='bbox 263 1141 343 1203; x_wconf 87' lang='lat' dir='ltr'><strong>hanc</strong></span> <span class='ocrx_word' id='word_1_78' title='bbox 359 1143 396 1202; x_wconf 89' lang='lat' dir='ltr'><strong>de</strong></span> <span class='ocrx_word' id='word_1_79' title='bbox 413 1143 535 1202; x_wconf 76' lang='lat' dir='ltr'><strong>Caesare</strong></span> <span class='ocrx_word' id='word_1_80' title='bbox 548 1141 718 1222; x_wconf 81' lang='lat' dir='ltr'><strong>opinionem</strong></span> <span class='ocrx_word' id='word_1_81' title='bbox 732 1141 852 1202; x_wconf 83' lang='lat' dir='ltr'><strong>videtur</strong></span> <span class='ocrx_word' id='word_1_82' title='bbox 867 1152 1007 1202; x_wconf 83' lang='lat' dir='ltr'><strong>evertere.</strong></span> <span class='ocrx_word' id='word_1_83' title='bbox 1047 1139 1123 1200; x_wconf 85' lang='lat' dir='ltr'><strong>Nam</strong></span> <span class='ocrx_word' id='word_1_84' title='bbox 1134 1139 1185 1198; x_wconf 92' lang='lat' dir='ltr'><strong>lli.</strong></span> <span class='ocrx_word' id='word_1_85' title='bbox 1204 1141 1275 1205; x_wconf 78' lang='lat'><strong>205.</strong></span> <span class='ocrx_word' id='word_1_86' title='bbox 1291 1140 1356 1200; x_wconf 86' lang='lat' dir='ltr'><strong>im-</strong></span> 
     </span>
     <span class='ocr_line' id='line_1_11' title="bbox 263 1225 1354 1308; baseline -0.002 -22"><span class='ocrx_word' id='word_1_87' title='bbox 263 1227 409 1308; x_wconf 82' lang='lat' dir='ltr'><strong>peratorio</strong></span> <span class='ocrx_word' id='word_1_88' title='bbox 421 1227 554 1306; x_wconf 87' lang='lat' dir='ltr'><strong>potentia</strong></span> <span class='ocrx_word' id='word_1_89' title='bbox 567 1237 597 1286; x_wconf 87' lang='lat' dir='ltr'><strong>et</strong></span> <span class='ocrx_word' id='word_1_90' title='bbox 608 1225 769 1308; x_wconf 82' lang='lat' dir='ltr'><strong>Nicephari</strong></span> <span class='ocrx_word' id='word_1_91' title='bbox 782 1247 830 1287; x_wconf 83' lang='lat' dir='ltr'><strong>ree</strong></span> <span class='ocrx_word' id='word_1_92' title='bbox 843 1227 921 1286; x_wconf 89' lang='lat' dir='ltr'><strong>bello</strong></span> <span class='ocrx_word' id='word_1_93' title='bbox 935 1236 1031 1306; x_wconf 72' lang='lat' dir='ltr'><strong>gestae</strong></span> <span class='ocrx_word' id='word_1_94' title='bbox 1044 1225 1254 1305; x_wconf 82' lang='lat' dir='ltr'><strong>praeferuntur</strong></span> <span class='ocrx_word' id='word_1_95' title='bbox 1264 1226 1354 1284; x_wconf 88' lang='lat' dir='ltr'><strong>rebae</strong></span> 
     </span>
     <span class='ocr_line' id='line_1_12' title="bbox 264 1311 1355 1392; baseline -0.001 -22"><span class='ocrx_word' id='word_1_96' title='bbox 264 1311 354 1390; x_wconf 80' lang='lat' dir='ltr'><strong>gestia</strong></span> <span class='ocrx_word' id='word_1_97' title='bbox 372 1321 401 1370; x_wconf 92' lang='lat' dir='ltr'><strong>et</strong></span> <span class='ocrx_word' id='word_1_98' title='bbox 421 1313 569 1392; x_wconf 88' lang='lat' dir='ltr'><strong>potentiae</strong></span> <span class='ocrx_word' id='word_1_99' title='bbox 587 1331 771 1372; x_wconf 74' lang='lat' dir='ltr'><strong>nummorum</strong></span> <span class='ocrx_word' id='word_1_100' title='bbox 786 1311 971 1391; x_wconf 84' lang='lat' dir='ltr'><strong>antiqnitatia</strong></span> <span class='ocrx_word' id='word_1_101' title='bbox 988 1311 1137 1385; x_wconf 81' lang='lat' dir='ltr'><strong>virorum,</strong></span> <span class='ocrx_word' id='word_1_102' title='bbox 1157 1327 1286 1387; x_wconf 86' lang='lat' dir='ltr'><strong>quorum</strong></span> <span class='ocrx_word' id='word_1_103' title='bbox 1302 1329 1355 1369; x_wconf 79' lang='lat' dir='ltr'><strong>re-</strong></span> 
     </span>
     <span class='ocr_line' id='line_1_13' title="bbox 264 1387 1355 1478; baseline -0.001 -23"><span class='ocrx_word' id='word_1_104' title='bbox 264 1417 385 1456; x_wconf 72' lang='lat' dir='ltr'><strong>censum</strong></span> <span class='ocrx_word' id='word_1_105' title='bbox 398 1395 529 1456; x_wconf 86' lang='lat' dir='ltr'><strong>inatituit</strong></span> <span class='ocrx_word' id='word_1_106' title='bbox 542 1395 635 1456; x_wconf 87' lang='lat' dir='ltr'><strong>hunc:</strong></span> <span class='ocrx_word' id='word_1_107' title='bbox 659 1401 778 1478; x_wconf 72' lang='grc' dir='ltr'><strong><em>Κῦρος,</em></strong></span> <span class='ocrx_word' id='word_1_108' title='bbox 798 1402 941 1477; x_wconf 78' lang='grc' dir='ltr'><strong>Δαρεῖος,</strong></span> <span class='ocrx_word' id='word_1_109' title='bbox 963 1400 1109 1476; x_wconf 80' lang='grc' dir='ltr'><strong><em>Κροῖσος,</em></strong></span> <span class='ocrx_word' id='word_1_110' title='bbox 1130 1393 1162 1454; x_wconf 79' lang='grc' dir='ltr'><strong>σι’</strong></span> <span class='ocrx_word' id='word_1_111' title='bbox 1173 1387 1355 1476; x_wconf 77' lang='grc' dir='ltr'><strong><em>σνρατοιιρᾶ·</em></strong></span> 
     </span>
     <span class='ocr_line' id='line_1_14' title="bbox 263 1476 1354 1560; baseline -0.004 -18"><span class='ocrx_word' id='word_1_112' title='bbox 263 1504 328 1554; x_wconf 84' lang='grc' dir='ltr'><strong><em>ται,</em></strong></span> <span class='ocrx_word' id='word_1_113' title='bbox 352 1485 515 1560; x_wconf 74' lang='grc' dir='ltr'><strong><em>Καῖσαρ,</em></strong></span> <span class='ocrx_word' id='word_1_114' title='bbox 536 1476 695 1560; x_wconf 72' lang='grc' dir='ltr'><strong><em>Ἀχιλλεῦς,</em></strong></span> <span class='ocrx_word' id='word_1_115' title='bbox 716 1478 933 1543; x_wconf 77' lang='lat' dir='ltr'><strong>Mnetdoienal</strong></span> <span class='ocrx_word' id='word_1_116' title='bbox 949 1481 1135 1560; x_wconf 76' lang='grc' dir='ltr'><strong>Πομπὶος.</strong></span> <span class='ocrx_word' id='word_1_117' title='bbox 1176 1477 1239 1537; x_wconf 79' lang='lat' dir='ltr'><strong>Iam</strong></span> <span class='ocrx_word' id='word_1_118' title='bbox 1259 1497 1354 1555; x_wconf 86' lang='lat' dir='ltr'><strong>quum</strong></span> 
     </span>
     <span class='ocr_line' id='line_1_15' title="bbox 260 1563 1354 1646; baseline -0.003 -20"><span class='ocrx_word' id='word_1_119' title='bbox 260 1565 295 1626; x_wconf 86' lang='lat' dir='ltr'><strong>in</strong></span> <span class='ocrx_word' id='word_1_120' title='bbox 309 1565 356 1624; x_wconf 84' lang='lat' dir='ltr'><strong>hie</strong></span> <span class='ocrx_word' id='word_1_121' title='bbox 377 1566 475 1624; x_wconf 79' lang='lat' dir='ltr'><strong>verbis</strong></span> <span class='ocrx_word' id='word_1_122' title='bbox 491 1569 628 1646; x_wconf 81' lang='grc' dir='ltr'><strong><em>Πομπίος</em></strong></span> <span class='ocrx_word' id='word_1_123' title='bbox 648 1575 897 1624; x_wconf 81' lang='lat' dir='ltr'><strong>commemoretur</strong></span> <span class='ocrx_word' id='word_1_124' title='bbox 911 1586 970 1624; x_wconf 85' lang='lat' dir='ltr'><strong>una</strong></span> <span class='ocrx_word' id='word_1_125' title='bbox 990 1584 1060 1623; x_wconf 87' lang='lat' dir='ltr'><strong>cum</strong></span> <span class='ocrx_word' id='word_1_126' title='bbox 1081 1563 1224 1639; x_wconf 69' lang='lat' dir='ltr'><strong>Caesare,</strong></span> <span class='ocrx_word' id='word_1_127' title='bbox 1244 1574 1354 1642; x_wconf 87' lang='lat' dir='ltr'><strong>aponte</strong></span> 
     </span>
     <span class='ocr_line' id='line_1_16' title="bbox 261 1647 1353 1731; baseline -0.003 -23"><span class='ocrx_word' id='word_1_128' title='bbox 261 1659 400 1730; x_wconf 86' lang='lat' dir='ltr'><strong>apparet,</strong></span> <span class='ocrx_word' id='word_1_129' title='bbox 424 1651 565 1726; x_wconf 78' lang='lat' dir='ltr'><strong>Hopniov</strong></span> <span class='ocrx_word' id='word_1_130' title='bbox 588 1669 648 1706; x_wconf 89' lang='lat' dir='ltr'><strong>non</strong></span> <span class='ocrx_word' id='word_1_131' title='bbox 674 1650 770 1728; x_wconf 84' lang='lat' dir='ltr'><strong>accipi</strong></span> <span class='ocrx_word' id='word_1_132' title='bbox 790 1670 876 1729; x_wconf 75' lang='lat' dir='ltr'><strong>ponae</strong></span> <span class='ocrx_word' id='word_1_133' title='bbox 897 1671 952 1731; x_wconf 88' lang='lat' dir='ltr'><strong>pro</strong></span> <span class='ocrx_word' id='word_1_134' title='bbox 972 1650 1102 1708; x_wconf 72' lang='lat' dir='ltr'><strong>Caesare.</strong></span> <span class='ocrx_word' id='word_1_135' title='bbox 1144 1647 1219 1706; x_wconf 85' lang='lat' dir='ltr'><strong>Vide</strong></span> <span class='ocrx_word' id='word_1_136' title='bbox 1242 1657 1353 1724; x_wconf 84' lang='lat' dir='ltr'><strong>tamen,</strong></span> 
     </span>
     <span class='ocr_line' id='line_1_17' title="bbox 204 1731 1353 1813; baseline 0 -21"><span class='ocrx_word' id='word_1_137' title='bbox 204 1757 213 1766; x_wconf 85' lang='lat'><em>·</em></span> <span class='ocrx_word' id='word_1_138' title='bbox 260 1753 349 1813; x_wconf 83' lang='lat' dir='ltr'><strong>quam</strong></span> <span class='ocrx_word' id='word_1_139' title='bbox 368 1734 463 1792; x_wconf 87' lang='lat' dir='ltr'><strong>alieno</strong></span> <span class='ocrx_word' id='word_1_140' title='bbox 476 1734 544 1792; x_wconf 87' lang='lat' dir='ltr'><strong>loeo</strong></span> <span class='ocrx_word' id='word_1_141' title='bbox 560 1735 677 1812; x_wconf 80' lang='grc' dir='ltr'><strong><em>Καῖσαρ</em></strong></span> <span class='ocrx_word' id='word_1_142' title='bbox 694 1744 825 1812; x_wconf 84' lang='lat' dir='ltr'><strong>ponatur</strong></span> <span class='ocrx_word' id='word_1_143' title='bbox 839 1737 918 1794; x_wconf 87' lang='lat' dir='ltr'><strong>inter</strong></span> <span class='ocrx_word' id='word_1_144' title='bbox 935 1734 1075 1794; x_wconf 72' lang='lat' dir='ltr'><strong>Croesum</strong></span> <span class='ocrx_word' id='word_1_145' title='bbox 1090 1742 1122 1791; x_wconf 90' lang='lat' dir='ltr'><strong>et</strong></span> <span class='ocrx_word' id='word_1_146' title='bbox 1135 1731 1298 1808; x_wconf 74' lang='lat' dir='ltr'><strong>Achillem,</strong></span> <span class='ocrx_word' id='word_1_147' title='bbox 1321 1741 1353 1792; x_wconf 86' lang='lat' dir='ltr'><strong>at</strong></span> 
     </span>
     <span class='ocr_line' id='line_1_18' title="bbox 260 1817 1350 1898; baseline 0.003 -23"><span class='ocrx_word' id='word_1_148' title='bbox 260 1827 404 1896; x_wconf 87' lang='lat' dir='ltr'><strong>quantum</strong></span> <span class='ocrx_word' id='word_1_149' title='bbox 422 1818 593 1878; x_wconf 79' lang='lat' dir='ltr'><strong>advertetur</strong></span> <span class='ocrx_word' id='word_1_150' title='bbox 608 1819 706 1878; x_wconf 87' lang='lat' dir='ltr'><strong>verani</strong></span> <span class='ocrx_word' id='word_1_151' title='bbox 721 1819 754 1876; x_wconf 89' lang='lat' dir='ltr'><strong>in</strong></span> <span class='ocrx_word' id='word_1_152' title='bbox 769 1819 827 1878; x_wconf 86' lang='lat' dir='ltr'><strong>hac</strong></span> <span class='ocrx_word' id='word_1_153' title='bbox 842 1819 930 1894; x_wconf 80' lang='lat' dir='ltr'><strong>aede,</strong></span> <span class='ocrx_word' id='word_1_154' title='bbox 951 1819 1123 1878; x_wconf 80' lang='lat' dir='ltr'><strong>trochaeum</strong></span> <span class='ocrx_word' id='word_1_155' title='bbox 1145 1817 1273 1877; x_wconf 71' lang='lat' dir='ltr'><strong>offerens</strong></span> <span class='ocrx_word' id='word_1_156' title='bbox 1292 1839 1350 1898; x_wconf 91' lang='lat' dir='ltr'><strong>pro</strong></span> 
     </span>
     <span class='ocr_line' id='line_1_19' title="bbox 257 1902 1349 1984; baseline 0.003 -24"><span class='ocrx_word' id='word_1_157' title='bbox 257 1903 355 1962; x_wconf 86' lang='lat' dir='ltr'><strong>iambo</strong></span> <span class='ocrx_word' id='word_1_158' title='bbox 376 1913 427 1961; x_wconf 87' lang='lat' dir='ltr'><strong>aut</strong></span> <span class='ocrx_word' id='word_1_159' title='bbox 444 1902 584 1984; x_wconf 86' lang='lat' dir='ltr'><strong>apondeo.</strong></span> <span class='ocrx_word' id='word_1_160' title='bbox 625 1903 671 1962; x_wconf 93' lang='lat' dir='ltr'><strong>Ob</strong></span> <span class='ocrx_word' id='word_1_161' title='bbox 683 1902 768 1963; x_wconf 82' lang='lat' dir='ltr'><strong>&#39;dune</strong></span> <span class='ocrx_word' id='word_1_162' title='bbox 787 1905 889 1983; x_wconf 86' lang='lat' dir='ltr'><strong>itaque</strong></span> <span class='ocrx_word' id='word_1_163' title='bbox 912 1925 1013 1963; x_wconf 79' lang='lat' dir='ltr'><strong>canona</strong></span> <span class='ocrx_word' id='word_1_164' title='bbox 1033 1913 1205 1984; x_wconf 71' lang='lat' dir='ltr'><strong>inspectum</strong></span> <span class='ocrx_word' id='word_1_165' title='bbox 1228 1905 1349 1979; x_wconf 85' lang='lat' dir='ltr'><strong>nomeu,</strong></span> 
     </span>
     <span class='ocr_line' id='line_1_20' title="bbox 259 1987 1351 2064; baseline 0.001 -18"><span class='ocrx_word' id='word_1_166' title='bbox 259 1987 309 2046; x_wconf 82' lang='lat' dir='ltr'><strong>cui</strong></span> <span class='ocrx_word' id='word_1_167' title='bbox 330 1987 355 2046; x_wconf 84' lang='lat' dir='ltr'><strong>ei</strong></span> <span class='ocrx_word' id='word_1_168' title='bbox 371 1987 450 2062; x_wconf 67' lang='grc' dir='ltr'><strong>Αἴας</strong></span> <span class='ocrx_word' id='word_1_169' title='bbox 466 1987 668 2064; x_wconf 76' lang='lat' dir='ltr'><strong>substituet-ia,</strong></span> <span class='ocrx_word' id='word_1_170' title='bbox 690 2007 792 2048; x_wconf 86' lang='lat' dir='ltr'><strong>omnea</strong></span> <span class='ocrx_word' id='word_1_171' title='bbox 809 1991 878 2049; x_wconf 89' lang='lat' dir='ltr'><strong>iliae</strong></span> <span class='ocrx_word' id='word_1_172' title='bbox 897 1989 1087 2048; x_wconf 83' lang='lat' dir='ltr'><strong>difficultatea</strong></span> <span class='ocrx_word' id='word_1_173' title='bbox 1107 1997 1296 2062; x_wconf 75' lang='lat' dir='ltr'><strong>evanescent,</strong></span> <span class='ocrx_word' id='word_1_174' title='bbox 1318 1997 1351 2047; x_wconf 88' lang='lat' dir='ltr'><strong>et</strong></span> 
     </span>
     <span class='ocr_line' id='line_1_21' title="bbox 258 2069 1350 2154; baseline -0.002 -22"><span class='ocrx_word' id='word_1_175' title='bbox 258 2071 348 2132; x_wconf 81' lang='lat' dir='ltr'><strong>timul</strong></span> <span class='ocrx_word' id='word_1_176' title='bbox 361 2069 500 2132; x_wconf 76' lang='lat' dir='ltr'><strong>historiae</strong></span> <span class='ocrx_word' id='word_1_177' title='bbox 514 2073 683 2132; x_wconf 75' lang='lat' dir='ltr'><strong>consuletur</strong></span> <span class='ocrx_word' id='word_1_178' title='bbox 696 2083 726 2131; x_wconf 85' lang='lat' dir='ltr'><strong>et</strong></span> <span class='ocrx_word' id='word_1_179' title='bbox 736 2074 847 2135; x_wconf 83' lang='lat' dir='ltr'><strong>verani.</strong></span> <span class='ocrx_word' id='word_1_180' title='bbox 888 2075 950 2133; x_wconf 83' lang='lat' dir='ltr'><strong>lieo</strong></span> <span class='ocrx_word' id='word_1_181' title='bbox 964 2072 1168 2154; x_wconf 82' lang='lat' dir='ltr'><strong>improbabilia</strong></span> <span class='ocrx_word' id='word_1_182' title='bbox 1180 2071 1277 2132; x_wconf 77' lang='lat' dir='ltr'><strong>videti</strong></span> <span class='ocrx_word' id='word_1_183' title='bbox 1289 2093 1350 2152; x_wconf 91' lang='lat' dir='ltr'><strong>po-</strong></span> 
     </span>
     <span class='ocr_line' id='line_1_22' title="bbox 258 2157 1347 2237; baseline 0 -21"><span class='ocrx_word' id='word_1_184' title='bbox 258 2163 317 2216; x_wconf 81' lang='lat' dir='ltr'><strong>teat</strong></span> <span class='ocrx_word' id='word_1_185' title='bbox 338 2157 523 2231; x_wconf 87' lang='lat' dir='ltr'><strong>coniectura,</strong></span> <span class='ocrx_word' id='word_1_186' title='bbox 546 2177 619 2237; x_wconf 92' lang='lat' dir='ltr'><strong>quae</strong></span> <span class='ocrx_word' id='word_1_187' title='bbox 635 2179 651 2214; x_wconf 92' lang='lat' dir='ltr'><strong>a</strong></span> <span class='ocrx_word' id='word_1_188' title='bbox 664 2157 830 2218; x_wconf 88' lang='lat' dir='ltr'><strong>litterarum</strong></span> <span class='ocrx_word' id='word_1_189' title='bbox 849 2158 982 2237; x_wconf 70' lang='lat' dir='ltr'><strong>vestigiis</strong></span> <span class='ocrx_word' id='word_1_190' title='bbox 997 2177 1058 2218; x_wconf 88' lang='lat' dir='ltr'><strong>non</strong></span> <span class='ocrx_word' id='word_1_191' title='bbox 1073 2158 1201 2216; x_wconf 85' lang='lat' dir='ltr'><strong>multum</strong></span> <span class='ocrx_word' id='word_1_192' title='bbox 1216 2157 1347 2233; x_wconf 77' lang='lat' dir='ltr'><strong>raeedit3</strong></span> 
     </span>
     <span class='ocr_line' id='line_1_23' title="bbox 256 2241 1347 2323; baseline 0.003 -24"><span class='ocrx_word' id='word_1_193' title='bbox 256 2241 428 2321; x_wconf 80' lang='lat' dir='ltr'><strong>praesertim</strong></span> <span class='ocrx_word' id='word_1_194' title='bbox 451 2261 543 2321; x_wconf 87' lang='lat' dir='ltr'><strong>quum</strong></span> <span class='ocrx_word' id='word_1_195' title='bbox 562 2242 596 2301; x_wconf 90' lang='lat' dir='ltr'><strong>in</strong></span> <span class='ocrx_word' id='word_1_196' title='bbox 616 2242 743 2318; x_wconf 79' lang='lat' dir='ltr'><strong>Codice,</strong></span> <span class='ocrx_word' id='word_1_197' title='bbox 764 2263 802 2304; x_wconf 81' lang='lat' dir='ltr'><strong>ex</strong></span> <span class='ocrx_word' id='word_1_198' title='bbox 824 2263 883 2323; x_wconf 87' lang='lat' dir='ltr'><strong>qno</strong></span> <span class='ocrx_word' id='word_1_199' title='bbox 904 2245 1011 2302; x_wconf 75' lang='lat' dir='ltr'><strong>dumne</strong></span> <span class='ocrx_word' id='word_1_200' title='bbox 1027 2243 1184 2313; x_wconf 73' lang='lat' dir='ltr'><strong>heronem,</strong></span> <span class='ocrx_word' id='word_1_201' title='bbox 1203 2261 1347 2302; x_wconf 64' lang='lat' dir='ltr'><strong>vaenum</strong></span> 
     </span>
     <span class='ocr_line' id='line_1_24' title="bbox 255 2325 1343 2408; baseline 0.002 -24"><span class='ocrx_word' id='word_1_202' title='bbox 255 2325 340 2384; x_wconf 84' lang='lat' dir='ltr'><strong>initia</strong></span> <span class='ocrx_word' id='word_1_203' title='bbox 355 2325 489 2404; x_wconf 86' lang='lat' dir='ltr'><strong>plurimie</strong></span> <span class='ocrx_word' id='word_1_204' title='bbox 503 2327 536 2384; x_wconf 92' lang='lat' dir='ltr'><strong>in</strong></span> <span class='ocrx_word' id='word_1_205' title='bbox 550 2327 625 2386; x_wconf 76' lang='lat' dir='ltr'><strong>locis</strong></span> <span class='ocrx_word' id='word_1_206' title='bbox 641 2328 683 2386; x_wconf 91' lang='lat' dir='ltr'><strong>ita</strong></span> <span class='ocrx_word' id='word_1_207' title='bbox 701 2327 762 2388; x_wconf 87' lang='lat' dir='ltr'><strong>aiot</strong></span> <span class='ocrx_word' id='word_1_208' title='bbox 773 2328 896 2408; x_wconf 84' lang='lat' dir='ltr'><strong>evanida</strong></span> <span class='ocrx_word' id='word_1_209' title='bbox 915 2338 945 2388; x_wconf 89' lang='lat' dir='ltr'><strong>et</strong></span> <span class='ocrx_word' id='word_1_210' title='bbox 960 2328 1100 2403; x_wconf 78' lang='lat' dir='ltr'><strong>obseura,</strong></span> <span class='ocrx_word' id='word_1_211' title='bbox 1121 2336 1157 2385; x_wconf 88' lang='lat' dir='ltr'><strong>ut</strong></span> <span class='ocrx_word' id='word_1_212' title='bbox 1176 2325 1249 2406; x_wconf 86' lang='lat' dir='ltr'><strong>qnid</strong></span> <span class='ocrx_word' id='word_1_213' title='bbox 1267 2325 1343 2386; x_wconf 86' lang='lat' dir='ltr'><strong>ecri-</strong></span> 
     </span>
     <span class='ocr_line' id='line_1_25' title="bbox 255 2410 1346 2493; baseline 0.001 -23"><span class='ocrx_word' id='word_1_214' title='bbox 255 2419 341 2491; x_wconf 84' lang='lat' dir='ltr'><strong>ptum</strong></span> <span class='ocrx_word' id='word_1_215' title='bbox 355 2411 445 2471; x_wconf 82' lang='lat' dir='ltr'><strong>fuerit</strong></span> <span class='ocrx_word' id='word_1_216' title='bbox 452 2458 461 2487; x_wconf 91' lang='lat'><strong>,</strong></span> <span class='ocrx_word' id='word_1_217' title='bbox 475 2432 546 2477; x_wconf 69' lang='lat' dir='ltr'><strong>‚non</strong></span> <span class='ocrx_word' id='word_1_218' title='bbox 559 2421 706 2491; x_wconf 86' lang='lat' dir='ltr'><strong>appareat.</strong></span> <span class='ocrx_word' id='word_1_219' title='bbox 749 2413 809 2473; x_wconf 87' lang='lat' dir='ltr'><strong>Nec</strong></span> <span class='ocrx_word' id='word_1_220' title='bbox 824 2414 960 2493; x_wconf 85' lang='lat' dir='ltr'><strong>proiecto</strong></span> <span class='ocrx_word' id='word_1_221' title='bbox 976 2412 1056 2473; x_wconf 90' lang='lat' dir='ltr'><strong>aliud</strong></span> <span class='ocrx_word' id='word_1_222' title='bbox 1072 2432 1180 2472; x_wconf 89' lang='lat' dir='ltr'><strong>nomen</strong></span> <span class='ocrx_word' id='word_1_223' title='bbox 1193 2410 1268 2471; x_wconf 87' lang='lat' dir='ltr'><strong>huic</strong></span> <span class='ocrx_word' id='word_1_224' title='bbox 1280 2411 1346 2471; x_wconf 85' lang='lat' dir='ltr'><strong>aedi</strong></span> 
     </span>
     <span class='ocr_line' id='line_1_26' title="bbox 167 2496 1345 2577; baseline 0.005 -26"><span class='ocrx_word' id='word_1_225' title='bbox 167 2564 170 2575; x_wconf 33' lang='grc' dir='ltr'>Ι</span> <span class='ocrx_word' id='word_1_226' title='bbox 255 2496 505 2556; x_wconf 73' lang='lat' dir='ltr'><strong>accommodatius</strong></span> <span class='ocrx_word' id='word_1_227' title='bbox 519 2497 642 2577; x_wconf 87' lang='lat' dir='ltr'><strong>reperiri</strong></span> <span class='ocrx_word' id='word_1_228' title='bbox 656 2497 775 2576; x_wconf 64' lang='lat' dir='ltr'><strong>poterit,</strong></span> <span class='ocrx_word' id='word_1_229' title='bbox 817 2499 916 2558; x_wconf 74' lang='lat' dir='ltr'><strong>Aineia</strong></span> <span class='ocrx_word' id='word_1_230' title='bbox 930 2498 1008 2557; x_wconf 85' lang='lat' dir='ltr'><strong>enim</strong></span> <span class='ocrx_word' id='word_1_231' title='bbox 1025 2518 1134 2557; x_wconf 88' lang='lat' dir='ltr'><strong>nomen</strong></span> <span class='ocrx_word' id='word_1_232' title='bbox 1147 2506 1177 2555; x_wconf 91' lang='lat' dir='ltr'><strong>et</strong></span> <span class='ocrx_word' id='word_1_233' title='bbox 1190 2498 1261 2557; x_wconf 89' lang='lat' dir='ltr'><strong>alibi</strong></span> <span class='ocrx_word' id='word_1_234' title='bbox 1274 2517 1345 2557; x_wconf 84' lang='lat' dir='ltr'><strong>eum</strong></span> 
     </span>
     <span class='ocr_line' id='line_1_27' title="bbox 255 2576 1344 2661; baseline 0.003 -22"><span class='ocrx_word' id='word_1_235' title='bbox 255 2576 373 2639; x_wconf 80' lang='lat' dir='ltr'><strong>Achilla</strong></span> <span class='ocrx_word' id='word_1_236' title='bbox 396 2580 544 2659; x_wconf 82' lang='lat' dir='ltr'><strong>iungitur,</strong></span> <span class='ocrx_word' id='word_1_237' title='bbox 573 2592 620 2659; x_wconf 88' lang='lat' dir='ltr'><strong>et,</strong></span> <span class='ocrx_word' id='word_1_238' title='bbox 647 2583 728 2661; x_wconf 89' lang='lat' dir='ltr'><strong>quad</strong></span> <span class='ocrx_word' id='word_1_239' title='bbox 748 2582 787 2642; x_wconf 86' lang='lat' dir='ltr'><strong>ed</strong></span> <span class='ocrx_word' id='word_1_240' title='bbox 798 2593 934 2643; x_wconf 74' lang='lat' dir='ltr'><strong>neutrum</strong></span> <span class='ocrx_word' id='word_1_241' title='bbox 948 2582 1098 2661; x_wconf 79' lang='lat' dir='ltr'><strong>negotium</strong></span> <span class='ocrx_word' id='word_1_242' title='bbox 1112 2582 1201 2641; x_wconf 86' lang='lat' dir='ltr'><strong>unice</strong></span> <span class='ocrx_word' id='word_1_243' title='bbox 1215 2582 1303 2658; x_wconf 82' lang='lat' dir='ltr'><strong>iecit,</strong></span> <span class='ocrx_word' id='word_1_244' title='bbox 1326 2603 1344 2642; x_wconf 89' lang='lat' dir='ltr'><strong>a</strong></span> 
     </span>
     <span class='ocr_line' id='line_1_28' title="bbox 254 2660 1344 2748; baseline 0.002 -25"><span class='ocrx_word' id='word_1_245' title='bbox 254 2662 418 2724; x_wconf 69' lang='lat' dir='ltr'><strong>Theodosio</strong></span> <span class='ocrx_word' id='word_1_246' title='bbox 433 2667 500 2746; x_wconf 85' lang='lat' dir='ltr'><strong>ipen</strong></span> <span class='ocrx_word' id='word_1_247' title='bbox 514 2666 537 2729; x_wconf 88' lang='lat' dir='ltr'><strong>I.</strong></span> <span class='ocrx_word' id='word_1_248' title='bbox 549 2668 599 2731; x_wconf 84' lang='grc'><strong>37.</strong></span> <span class='ocrx_word' id='word_1_249' title='bbox 627 2668 718 2743; x_wconf 78' lang='grc' dir='ltr'><strong><em>Αἴας,</em></strong></span> <span class='ocrx_word' id='word_1_250' title='bbox 739 2661 899 2748; x_wconf 64' lang='grc' dir='ltr'><strong>Ἀχιλλειῒς,</strong></span> <span class='ocrx_word' id='word_1_251' title='bbox 918 2660 1086 2741; x_wconf 71' lang='grc' dir='ltr'><strong><em>Ὀδυσσεύς.</em></strong></span> <span class='ocrx_word' id='word_1_252' title='bbox 1113 2667 1145 2724; x_wconf 86' lang='lat' dir='ltr'><strong>Si</strong></span> <span class='ocrx_word' id='word_1_253' title='bbox 1160 2666 1228 2744; x_wconf 82' lang='lat' dir='ltr'><strong>quie</strong></span> <span class='ocrx_word' id='word_1_254' title='bbox 1241 2675 1344 2725; x_wconf 81' lang='lat' dir='ltr'><strong>tamen</strong></span> 
     </span>
     <span class='ocr_line' id='line_1_29' title="bbox 254 2747 1343 2832; baseline 0.005 -26"><span class='ocrx_word' id='word_1_255' title='bbox 254 2754 349 2807; x_wconf 87' lang='lat' dir='ltr'><strong>totam</strong></span> <span class='ocrx_word' id='word_1_256' title='bbox 365 2748 443 2810; x_wconf 84' lang='lat' dir='ltr'><strong>hanc</strong></span> <span class='ocrx_word' id='word_1_257' title='bbox 460 2752 497 2809; x_wconf 91' lang='lat' dir='ltr'><strong>de</strong></span> <span class='ocrx_word' id='word_1_258' title='bbox 512 2751 658 2811; x_wconf 81' lang='lat' dir='ltr'><strong>vocabulo</strong></span> <span class='ocrx_word' id='word_1_259' title='bbox 680 2756 813 2831; x_wconf 71' lang='grc' dir='ltr'><strong><em>πομνίνς</em></strong></span> <span class='ocrx_word' id='word_1_260' title='bbox 826 2774 850 2812; x_wconf 88' lang='lat' dir='ltr'><strong>a.</strong></span> <span class='ocrx_word' id='word_1_261' title='bbox 864 2747 993 2832; x_wconf 72' lang='grc' dir='ltr'><strong><em>πόμπισς</em></strong></span> <span class='ocrx_word' id='word_1_262' title='bbox 1006 2751 1238 2831; x_wconf 82' lang='lat' dir='ltr'><strong>diapatationem</strong></span> <span class='ocrx_word' id='word_1_263' title='bbox 1253 2750 1343 2811; x_wconf 81' lang='lat' dir='ltr'><strong>nimie</strong></span> 
     </span>
     <span class='ocr_line' id='line_1_30' title="bbox 251 2831 1342 2915; baseline 0.004 -24"><span class='ocrx_word' id='word_1_264' title='bbox 251 2831 398 2893; x_wconf 87' lang='lat' dir='ltr'><strong>lubricam</strong></span> <span class='ocrx_word' id='word_1_265' title='bbox 410 2854 472 2895; x_wconf 81' lang='lat' dir='ltr'><strong>mee</strong></span> <span class='ocrx_word' id='word_1_266' title='bbox 487 2834 607 2912; x_wconf 79' lang='lat' dir='ltr'><strong>dixerit,</strong></span> <span class='ocrx_word' id='word_1_267' title='bbox 629 2856 690 2896; x_wconf 91' lang='lat' dir='ltr'><strong>non</strong></span> <span class='ocrx_word' id='word_1_268' title='bbox 706 2837 834 2897; x_wconf 87' lang='lat' dir='ltr'><strong>multum</strong></span> <span class='ocrx_word' id='word_1_269' title='bbox 848 2838 1020 2915; x_wconf 76' lang='lat' dir='ltr'><strong>refragabor</strong></span> <span class='ocrx_word' id='word_1_270' title='bbox 1033 2836 1180 2915; x_wconf 84' lang='lat' dir='ltr'><strong>equidem,</strong></span> <span class='ocrx_word' id='word_1_271' title='bbox 1199 2834 1342 2914; x_wconf 79' lang='lat' dir='ltr'><strong>gratiam·</strong></span> 
     </span>
     <span class='ocr_line' id='line_1_31' title="bbox 252 2916 1341 3002; baseline 0.005 -26"><span class='ocrx_word' id='word_1_272' title='bbox 252 2936 310 2996; x_wconf 86' lang='lat' dir='ltr'><strong>que</strong></span> <span class='ocrx_word' id='word_1_273' title='bbox 329 2916 458 2996; x_wconf 86' lang='lat' dir='ltr'><strong>habebo,</strong></span> <span class='ocrx_word' id='word_1_274' title='bbox 479 2920 506 2979; x_wconf 84' lang='lat' dir='ltr'><strong>ei</strong></span> <span class='ocrx_word' id='word_1_275' title='bbox 522 2920 587 2999; x_wconf 87' lang='lat' dir='ltr'><strong>quia</strong></span> <span class='ocrx_word' id='word_1_276' title='bbox 602 2921 805 2999; x_wconf 85' lang='lat' dir='ltr'><strong>difficultatee,</strong></span> <span class='ocrx_word' id='word_1_277' title='bbox 827 2922 1019 3002; x_wconf 84' lang='lat' dir='ltr'><strong>quaeinaunt</strong></span> <span class='ocrx_word' id='word_1_278' title='bbox 1037 2941 1106 2979; x_wconf 88' lang='lat' dir='ltr'><strong>cum</strong></span> <span class='ocrx_word' id='word_1_279' title='bbox 1121 2921 1155 2978; x_wconf 88' lang='lat' dir='ltr'><strong>in</strong></span> <span class='ocrx_word' id='word_1_280' title='bbox 1168 2922 1263 2981; x_wconf 77' lang='lat' dir='ltr'><strong>forma</strong></span> <span class='ocrx_word' id='word_1_281' title='bbox 1281 2941 1341 2981; x_wconf 88' lang='lat' dir='ltr'><strong>uo·</strong></span> 
     </span>
    </p>
   </div>
   <div class='ocr_carea' id='block_1_3' title="bbox 251 3000 1472 3089">
    <p class='ocr_par' dir='ltr' id='par_1_3' title="bbox 251 3000 1472 3089">
     <span class='ocr_line' id='line_1_32' title="bbox 251 3000 1472 3089; baseline 0.005 -31"><span class='ocrx_word' id='word_1_282' title='bbox 251 3001 339 3061; x_wconf 87' lang='lat' dir='ltr'><strong>minie</strong></span> <span class='ocrx_word' id='word_1_283' title='bbox 353 3006 491 3083; x_wconf 72' lang='lat' dir='ltr'><strong>llopmior</strong></span> <span class='ocrx_word' id='word_1_284' title='bbox 511 3025 567 3084; x_wconf 87' lang='lat' dir='ltr'><strong>pro</strong></span> <span class='ocrx_word' id='word_1_285' title='bbox 584 3000 745 3089; x_wconf 67' lang='grc' dir='ltr'><strong>Πομπήϊος</strong></span> <span class='ocrx_word' id='word_1_286' title='bbox 759 3007 889 3088; x_wconf 89' lang='lat' dir='ltr'><strong>accepti,</strong></span> <span class='ocrx_word' id='word_1_287' title='bbox 909 3018 976 3067; x_wconf 82' lang='lat' dir='ltr'><strong>tem</strong></span> <span class='ocrx_word' id='word_1_288' title='bbox 993 3006 1028 3065; x_wconf 90' lang='lat' dir='ltr'><strong>in</strong></span> <span class='ocrx_word' id='word_1_289' title='bbox 1042 3004 1183 3083; x_wconf 80' lang='lat' dir='ltr'><strong>hiatoria,</strong></span> <span class='ocrx_word' id='word_1_290' title='bbox 1204 3004 1341 3067; x_wconf 69' lang='lat' dir='ltr'><strong>faciliore</strong></span> <span class='ocrx_word' id='word_1_291' title='bbox 1471 3033 1472 3064; x_wconf 70' lang='lat' dir='ltr'><strong>i</strong></span> 
     </span>
    </p>
   </div>
   <div class='ocr_carea' id='block_1_4' title="bbox 243 3086 1338 3787">
    <p class='ocr_par' dir='ltr' id='par_1_4' title="bbox 248 3086 621 3170">
     <span class='ocr_line' id='line_1_33' title="bbox 248 3086 621 3170; baseline 0.013 -27"><span class='ocrx_word' id='word_1_292' title='bbox 248 3086 365 3169; x_wconf 79' lang='lat' dir='ltr'><strong>ratione</strong></span> <span class='ocrx_word' id='word_1_293' title='bbox 379 3090 511 3150; x_wconf 73' lang='lat' dir='ltr'><strong>solverit.</strong></span> <span class='ocrx_word' id='word_1_294' title='bbox 537 3091 569 3149; x_wconf 74' lang='lat' dir='ltr'><strong>F.</strong></span> <span class='ocrx_word' id='word_1_295' title='bbox 584 3090 621 3170; x_wconf 91' lang='lat'><strong>1.]</strong></span> 
     </span>
    </p>

    <p class='ocr_par' dir='ltr' id='par_1_5' title="bbox 243 3168 1338 3787">
     <span class='ocr_line' id='line_1_34' title="bbox 335 3168 1338 3259; baseline -0.001 -25"><span class='ocrx_word' id='word_1_296' title='bbox 335 3174 383 3236; x_wconf 84' lang='lat'><strong>19.</strong></span> <span class='ocrx_word' id='word_1_297' title='bbox 405 3168 452 3233; x_wconf 73' lang='lat' dir='ltr'><strong>Zti</strong></span> <span class='ocrx_word' id='word_1_298' title='bbox 471 3170 503 3234; x_wconf 73' lang='lat' dir='ltr'><strong>di</strong></span> <span class='ocrx_word' id='word_1_299' title='bbox 519 3180 640 3237; x_wconf 73' lang='grc' dir='ltr'><strong><em>κτυπῶν</em></strong></span> <span class='ocrx_word' id='word_1_300' title='bbox 659 3170 794 3259; x_wconf 70' lang='grc' dir='ltr'><strong><em>Ὅμηρε]</em></strong></span> <span class='ocrx_word' id='word_1_301' title='bbox 821 3174 1005 3236; x_wconf 76' lang='lat' dir='ltr'><strong>theodosia·</strong></span> <span class='ocrx_word' id='word_1_302' title='bbox 1026 3174 1189 3235; x_wconf 86' lang='lat' dir='ltr'><strong>Homerum</strong></span> <span class='ocrx_word' id='word_1_303' title='bbox 1209 3173 1338 3253; x_wconf 72' lang='lat' dir='ltr'><strong>incurat,</strong></span> 
     </span>
     <span class='ocr_line' id='line_1_35' title="bbox 248 3252 1337 3338; baseline 0.006 -25"><span class='ocrx_word' id='word_1_304' title='bbox 248 3252 331 3332; x_wconf 84' lang='lat' dir='ltr'><strong>qnod</strong></span> <span class='ocrx_word' id='word_1_305' title='bbox 344 3252 376 3311; x_wconf 88' lang='lat' dir='ltr'><strong>in</strong></span> <span class='ocrx_word' id='word_1_306' title='bbox 389 3254 480 3314; x_wconf 85' lang='lat' dir='ltr'><strong>lliede</strong></span> <span class='ocrx_word' id='word_1_307' title='bbox 493 3258 590 3317; x_wconf 85' lang='lat' dir='ltr'><strong>omnia</strong></span> <span class='ocrx_word' id='word_1_308' title='bbox 603 3278 659 3338; x_wconf 88' lang='lat' dir='ltr'><strong>pro</strong></span> <span class='ocrx_word' id='word_1_309' title='bbox 672 3260 770 3318; x_wconf 85' lang='lat' dir='ltr'><strong>lubitu</strong></span> <span class='ocrx_word' id='word_1_310' title='bbox 783 3280 837 3319; x_wconf 89' lang='lat' dir='ltr'><strong>auo</strong></span> <span class='ocrx_word' id='word_1_311' title='bbox 852 3260 1045 3334; x_wconf 83' lang='lat' dir='ltr'><strong>confinxerit,</strong></span> <span class='ocrx_word' id='word_1_312' title='bbox 1067 3258 1201 3338; x_wconf 85' lang='lat' dir='ltr'><strong>nihilque</strong></span> <span class='ocrx_word' id='word_1_313' title='bbox 1216 3260 1255 3319; x_wconf 91' lang='lat' dir='ltr'><strong>de</strong></span> <span class='ocrx_word' id='word_1_314' title='bbox 1266 3280 1337 3320; x_wconf 82' lang='lat' dir='ltr'><strong>vere</strong></span> 
     </span>
     <span class='ocr_line' id='line_1_36' title="bbox 248 3336 1337 3423; baseline 0.007 -26"><span class='ocrx_word' id='word_1_315' title='bbox 248 3336 353 3397; x_wconf 73' lang='lat' dir='ltr'><strong>Troice</strong></span> <span class='ocrx_word' id='word_1_316' title='bbox 378 3336 503 3400; x_wconf 75' lang='lat' dir='ltr'><strong>historia</strong></span> <span class='ocrx_word' id='word_1_317' title='bbox 528 3341 689 3423; x_wconf 63' lang='lat' dir='ltr'><strong>eeripaerit,</strong></span> <span class='ocrx_word' id='word_1_318' title='bbox 732 3345 887 3404; x_wconf 85' lang='lat' dir='ltr'><strong>Obiecerat</strong></span> <span class='ocrx_word' id='word_1_319' title='bbox 907 3344 967 3405; x_wconf 88' lang='lat' dir='ltr'><strong>boo</strong></span> <span class='ocrx_word' id='word_1_320' title='bbox 987 3344 1117 3405; x_wconf 83' lang='lat' dir='ltr'><strong>Homero</strong></span> <span class='ocrx_word' id='word_1_321' title='bbox 1142 3342 1256 3403; x_wconf 87' lang='lat' dir='ltr'><strong>crimen</strong></span> <span class='ocrx_word' id='word_1_322' title='bbox 1275 3344 1337 3405; x_wconf 86' lang='lat' dir='ltr'><strong>iam</strong></span> 
     </span>
     <span class='ocr_line' id='line_1_37' title="bbox 247 3422 1336 3508; baseline 0.007 -28"><span class='ocrx_word' id='word_1_323' title='bbox 247 3431 332 3481; x_wconf 85' lang='lat' dir='ltr'><strong>entea</strong></span> <span class='ocrx_word' id='word_1_324' title='bbox 348 3422 401 3483; x_wconf 86' lang='lat' dir='ltr'><strong>Dio</strong></span> <span class='ocrx_word' id='word_1_325' title='bbox 415 3424 640 3505; x_wconf 76' lang='lat' dir='ltr'><strong>Chryeoetomue</strong></span> <span class='ocrx_word' id='word_1_326' title='bbox 656 3428 737 3491; x_wconf 76' lang='lat' dir='ltr'><strong>orat.</strong></span> <span class='ocrx_word' id='word_1_327' title='bbox 752 3428 806 3506; x_wconf 80' lang='lat' dir='ltr'><strong>XI,</strong></span> <span class='ocrx_word' id='word_1_328' title='bbox 828 3449 915 3508; x_wconf 87' lang='lat' dir='ltr'><strong>quam</strong></span> <span class='ocrx_word' id='word_1_329' title='bbox 927 3438 1020 3489; x_wconf 86' lang='lat' dir='ltr'><strong>totam</strong></span> <span class='ocrx_word' id='word_1_330' title='bbox 1034 3430 1072 3489; x_wconf 88' lang='lat' dir='ltr'><strong>ad</strong></span> <span class='ocrx_word' id='word_1_331' title='bbox 1085 3428 1246 3490; x_wconf 85' lang='lat' dir='ltr'><strong>llomerum</strong></span> <span class='ocrx_word' id='word_1_332' title='bbox 1256 3449 1336 3489; x_wconf 90' lang='lat' dir='ltr'><strong>oon-</strong></span> 
     </span>
     <span class='ocr_line' id='line_1_38' title="bbox 245 3507 1334 3596; baseline 0.009 -29"><span class='ocrx_word' id='word_1_333' title='bbox 245 3507 416 3568; x_wconf 85' lang='lat' dir='ltr'><strong>viciandum</strong></span> <span class='ocrx_word' id='word_1_334' title='bbox 439 3512 648 3589; x_wconf 81' lang='lat' dir='ltr'><strong>concinnavit,</strong></span> <span class='ocrx_word' id='word_1_335' title='bbox 678 3512 727 3571; x_wconf 92' lang='lat' dir='ltr'><strong>ubi</strong></span> <span class='ocrx_word' id='word_1_336' title='bbox 749 3512 828 3573; x_wconf 87' lang='lat' dir='ltr'><strong>inter</strong></span> <span class='ocrx_word' id='word_1_337' title='bbox 852 3524 949 3574; x_wconf 86' lang='lat' dir='ltr'><strong>cetera</strong></span> <span class='ocrx_word' id='word_1_338' title='bbox 966 3518 1059 3577; x_wconf 77' lang='lat' dir='ltr'><strong>cotiae</strong></span> <span class='ocrx_word' id='word_1_339' title='bbox 1081 3513 1115 3576; x_wconf 75' lang='lat' dir='ltr'><strong>di</strong></span> <span class='ocrx_word' id='word_1_340' title='bbox 1135 3536 1188 3591; x_wconf 80' lang='grc' dir='ltr'><strong>μοι</strong></span> <span class='ocrx_word' id='word_1_341' title='bbox 1210 3514 1334 3596; x_wconf 69' lang='grc' dir='ltr'><strong>εἴρηται,</strong></span> 
     </span>
     <span class='ocr_line' id='line_1_39' title="bbox 243 3589 1335 3703; baseline 0.01 -53"><span class='ocrx_word' id='word_1_342' title='bbox 243 3589 343 3671; x_wconf 87' lang='lat' dir='ltr'><strong>inquit</strong></span> <span class='ocrx_word' id='word_1_343' title='bbox 365 3613 430 3673; x_wconf 82' lang='lat' dir='ltr'><strong>pag.</strong></span> <span class='ocrx_word' id='word_1_344' title='bbox 447 3598 523 3671; x_wconf 83' lang='lat'><strong>157,</strong></span> <span class='ocrx_word' id='word_1_345' title='bbox 549 3592 647 3677; x_wconf 74' lang='grc' dir='ltr'><strong><em>ὅσπερ</em></strong></span> <span class='ocrx_word' id='word_1_346' title='bbox 667 3594 728 3677; x_wconf 77' lang='grc' dir='ltr'><strong>ἤδη</strong></span> <span class='ocrx_word' id='word_1_347' title='bbox 747 3597 841 3677; x_wconf 78' lang='grc' dir='ltr'><strong><em>ἔφην,</em></strong></span> <span class='ocrx_word' id='word_1_348' title='bbox 868 3593 907 3661; x_wconf 86' lang='grc' dir='ltr'><strong>ον’</strong></span> <span class='ocrx_word' id='word_1_349' title='bbox 923 3598 1102 3703; x_wconf 66' lang='lat' dir='ltr'><strong>euprepiae</strong></span> <span class='ocrx_word' id='word_1_350' title='bbox 1119 3596 1237 3675; x_wconf 73' lang='grc' dir='ltr'><strong><em>ἕνεκεν,</em></strong></span> <span class='ocrx_word' id='word_1_351' title='bbox 1265 3590 1335 3661; x_wconf 74' lang='lat' dir='ltr'><strong>ilt&#39;</strong></span> 
     </span>
     <span class='ocr_line' id='line_1_40' title="bbox 243 3668 1334 3787; baseline 0.009 -50"><span class='ocrx_word' id='word_1_352' title='bbox 243 3668 289 3738; x_wconf 69' lang='lat' dir='ltr'><strong>dn</strong></span> <span class='ocrx_word' id='word_1_353' title='bbox 304 3672 509 3759; x_wconf 75' lang='grc' dir='ltr'><strong><em>ἆνδριιότατσς</em></strong></span> <span class='ocrx_word' id='word_1_354' title='bbox 522 3671 563 3761; x_wconf 77' lang='grc' dir='ltr'><strong>ἦν</strong></span> <span class='ocrx_word' id='word_1_355' title='bbox 578 3676 752 3763; x_wconf 66' lang='grc' dir='ltr'><strong>ἀνθρώπων</strong></span> <span class='ocrx_word' id='word_1_356' title='bbox 768 3679 845 3764; x_wconf 74' lang='grc' dir='ltr'><strong>πρδς</strong></span> <span class='ocrx_word' id='word_1_357' title='bbox 857 3679 893 3746; x_wconf 76' lang='lat' dir='ltr'><strong>oo&#39;</strong></span> <span class='ocrx_word' id='word_1_358' title='bbox 913 3686 1029 3763; x_wconf 75' lang='grc' dir='ltr'><strong><em>ψεῦδος</em></strong></span> <span class='ocrx_word' id='word_1_359' title='bbox 1055 3687 1191 3787; x_wconf 60' lang='lat' dir='ltr'><strong>Oppone·</strong></span> <span class='ocrx_word' id='word_1_360' title='bbox 1212 3681 1265 3786; x_wconf 64' lang='lat' dir='ltr'><strong>apl</strong></span> <span class='ocrx_word' id='word_1_361' title='bbox 1279 3676 1334 3763; x_wconf 67' lang='grc' dir='ltr'><strong>οὔχ</strong></span> 
     </span>
    </p>
   </div>
   <div class='ocr_carea' id='block_1_5' title="bbox 236 3754 1333 4263">
    <p class='ocr_par' dir='ltr' id='par_1_6' title="bbox 236 3754 1333 4263">
     <span class='ocr_line' id='line_1_41' title="bbox 241 3754 1333 3853; baseline 0.006 -30"><span class='ocrx_word' id='word_1_362' title='bbox 241 3754 340 3838; x_wconf 78' lang='grc' dir='ltr'><strong><em>ἥττων</em></strong></span> <span class='ocrx_word' id='word_1_363' title='bbox 366 3759 490 3845; x_wconf 59' lang='lat' dir='ltr'><strong>donidio</strong></span> <span class='ocrx_word' id='word_1_364' title='bbox 511 3765 560 3827; x_wconf 76' lang='lat' dir='ltr'><strong>nel</strong></span> <span class='ocrx_word' id='word_1_365' title='bbox 582 3761 757 3848; x_wconf 70' lang='grc' dir='ltr'><strong>ἐσεμνύνετο</strong></span> <span class='ocrx_word' id='word_1_366' title='bbox 776 3766 826 3831; x_wconf 65' lang='lat' dir='ltr'><strong>tut</strong></span> <span class='ocrx_word' id='word_1_367' title='bbox 844 3772 888 3853; x_wconf 71' lang='lat' dir='ltr'><strong>ep·</strong></span> <span class='ocrx_word' id='word_1_368' title='bbox 913 3761 1125 3847; x_wconf 72' lang='grc' dir='ltr'><strong><em>ψεύσεσθνιη</em></strong></span> <span class='ocrx_word' id='word_1_369' title='bbox 1148 3770 1192 3850; x_wconf 73' lang='grc' dir='ltr'><strong>τῷ</strong></span> <span class='ocrx_word' id='word_1_370' title='bbox 1211 3772 1265 3829; x_wconf 75' lang='lat' dir='ltr'><strong>eoi</strong></span> <span class='ocrx_word' id='word_1_371' title='bbox 1318 3771 1333 3786; x_wconf 84' lang='grc'><strong>”</strong></span> 
     </span>
     <span class='ocr_line' id='line_1_42' title="bbox 240 3842 1316 3935; baseline 0.008 -30"><span class='ocrx_word' id='word_1_372' title='bbox 240 3842 354 3925; x_wconf 70' lang='grc' dir='ltr'><strong><em>λέγειν·</em></strong></span> <span class='ocrx_word' id='word_1_373' title='bbox 376 3842 454 3910; x_wconf 74' lang='grc' dir='ltr'><strong>οὕτω</strong></span> <span class='ocrx_word' id='word_1_374' title='bbox 471 3845 528 3931; x_wconf 76' lang='lat' dir='ltr'><strong>yo&#39;p</strong></span> <span class='ocrx_word' id='word_1_375' title='bbox 541 3856 705 3917; x_wconf 75' lang='grc' dir='ltr'><strong><em>σκοποῦσιν</em></strong></span> <span class='ocrx_word' id='word_1_376' title='bbox 720 3845 817 3915; x_wconf 75' lang='lat' dir='ltr'><strong>ov&#39;otv</strong></span> <span class='ocrx_word' id='word_1_377' title='bbox 834 3851 878 3915; x_wconf 74' lang='grc' dir='ltr'><strong>ἔτι</strong></span> <span class='ocrx_word' id='word_1_378' title='bbox 892 3855 1038 3932; x_wconf 71' lang='grc' dir='ltr'><strong><em>φαίνηται</em></strong></span> <span class='ocrx_word' id='word_1_379' title='bbox 1050 3845 1238 3935; x_wconf 69' lang='grc' dir='ltr'><strong><em>παράδοξον,</em></strong></span> <span class='ocrx_word' id='word_1_380' title='bbox 1259 3844 1316 3915; x_wconf 78' lang='lat' dir='ltr'><strong>oo’i</strong></span> 
     </span>
     <span class='ocr_line' id='line_1_43' title="bbox 240 3924 1332 4019; baseline 0.008 -29"><span class='ocrx_word' id='word_1_381' title='bbox 240 3924 383 4007; x_wconf 71' lang='grc' dir='ltr'><strong><em>ἄπιστον,</em></strong></span> <span class='ocrx_word' id='word_1_382' title='bbox 401 3936 462 3995; x_wconf 78' lang='grc' dir='ltr'><strong>τοῖν</strong></span> <span class='ocrx_word' id='word_1_383' title='bbox 476 3928 535 3996; x_wconf 75' lang='lat' dir='ltr'><strong>tim&#39;</strong></span> <span class='ocrx_word' id='word_1_384' title='bbox 551 3935 627 4015; x_wconf 78' lang='grc' dir='ltr'><strong>ἐμοῦ</strong></span> <span class='ocrx_word' id='word_1_385' title='bbox 641 3934 855 4013; x_wconf 71' lang='grc' dir='ltr'><strong><em>δεικνυμένων·</em></strong></span> <span class='ocrx_word' id='word_1_386' title='bbox 877 3930 950 3999; x_wconf 64' lang='lat' dir='ltr'><strong>mid</strong></span> <span class='ocrx_word' id='word_1_387' title='bbox 964 3934 1073 4019; x_wconf 72' lang='grc' dir='ltr'><strong><em>σμικρὰ</em></strong></span> <span class='ocrx_word' id='word_1_388' title='bbox 1086 3930 1332 4017; x_wconf 55' lang='grc' dir='ltr'><strong><em>ιιαϊᾶνθρνίνειιι</em></strong></span> 
     </span>
     <span class='ocr_line' id='line_1_44' title="bbox 237 4007 1327 4101; baseline 0.004 -26"><span class='ocrx_word' id='word_1_389' title='bbox 237 4007 398 4094; x_wconf 67' lang='grc' dir='ltr'><strong>ψεύσματα</strong></span> <span class='ocrx_word' id='word_1_390' title='bbox 414 4012 489 4098; x_wconf 73' lang='grc' dir='ltr'><strong>πρὸς</strong></span> <span class='ocrx_word' id='word_1_391' title='bbox 503 4024 576 4083; x_wconf 80' lang='grc' dir='ltr'><strong>θεῖα</strong></span> <span class='ocrx_word' id='word_1_392' title='bbox 594 4020 648 4083; x_wconf 73' lang='lat' dir='ltr'><strong>eol</strong></span> <span class='ocrx_word' id='word_1_393' title='bbox 667 4014 788 4101; x_wconf 70' lang='grc' dir='ltr'><strong>μεγάλα.</strong></span> <span class='ocrx_word' id='word_1_394' title='bbox 829 4024 927 4081; x_wconf 80' lang='lat' dir='ltr'><strong>Porro</strong></span> <span class='ocrx_word' id='word_1_395' title='bbox 948 4022 1024 4081; x_wconf 78' lang='lat' dir='ltr'><strong>haec</strong></span> <span class='ocrx_word' id='word_1_396' title='bbox 1042 4045 1063 4081; x_wconf 86' lang='lat' dir='ltr'><strong><em>a</em></strong></span> <span class='ocrx_word' id='word_1_397' title='bbox 1079 4042 1125 4079; x_wconf 77' lang='lat' dir='ltr'><strong>nie</strong></span> <span class='ocrx_word' id='word_1_398' title='bbox 1141 4018 1226 4079; x_wconf 74' lang='lat' dir='ltr'><strong>dieto</strong></span> <span class='ocrx_word' id='word_1_399' title='bbox 1246 4030 1327 4097; x_wconf 78' lang='lat' dir='ltr'><strong>aunt,</strong></span> 
     </span>
     <span class='ocr_line' id='line_1_45' title="bbox 237 4098 1331 4186; baseline 0.006 -30"><span class='ocrx_word' id='word_1_400' title='bbox 237 4098 488 4176; x_wconf 80' lang='lat' dir='ltr'><strong>quemadmodum</strong></span> <span class='ocrx_word' id='word_1_401' title='bbox 502 4102 576 4180; x_wconf 77' lang='lat' dir='ltr'><strong>dini,</strong></span> <span class='ocrx_word' id='word_1_402' title='bbox 599 4126 660 4164; x_wconf 82' lang='lat' dir='ltr'><strong>non</strong></span> <span class='ocrx_word' id='word_1_403' title='bbox 672 4103 840 4167; x_wconf 66' lang='lat' dir='ltr'><strong>accusandi</strong></span> <span class='ocrx_word' id='word_1_404' title='bbox 850 4108 969 4186; x_wconf 77' lang='lat' dir='ltr'><strong>gratia,</strong></span> <span class='ocrx_word' id='word_1_405' title='bbox 988 4105 1043 4165; x_wconf 80' lang='lat' dir='ltr'><strong>aed</strong></span> <span class='ocrx_word' id='word_1_406' title='bbox 1052 4102 1223 4177; x_wconf 74' lang='lat' dir='ltr'><strong>indicandi,</strong></span> <span class='ocrx_word' id='word_1_407' title='bbox 1243 4100 1331 4186; x_wconf 79' lang='lat' dir='ltr'><strong>quad</strong></span> 
     </span>
     <span class='ocr_line' id='line_1_46' title="bbox 236 4180 1325 4263; baseline 0.012 -25"><span class='ocrx_word' id='word_1_408' title='bbox 236 4180 465 4243; x_wconf 69' lang='lat' dir='ltr'><strong>audoenum</strong></span> <span class='ocrx_word' id='word_1_409' title='bbox 489 4186 647 4247; x_wconf 76' lang='lat' dir='ltr'><strong>hominum</strong></span> <span class='ocrx_word' id='word_1_410' title='bbox 665 4192 762 4263; x_wconf 79' lang='lat' dir='ltr'><strong>fuerit</strong></span> <span class='ocrx_word' id='word_1_411' title='bbox 782 4188 828 4249; x_wconf 82' lang='lat' dir='ltr'><strong>ad</strong></span> <span class='ocrx_word' id='word_1_412' title='bbox 842 4190 1002 4251; x_wconf 68' lang='lat' dir='ltr'><strong>mendacin</strong></span> <span class='ocrx_word' id='word_1_413' title='bbox 1014 4194 1188 4251; x_wconf 70' lang='lat' dir='ltr'><strong>Homerica:</strong></span> <span class='ocrx_word' id='word_1_414' title='bbox 1216 4202 1244 4248; x_wconf 85' lang='lat' dir='ltr'><strong>et</strong></span> <span class='ocrx_word' id='word_1_415' title='bbox 1263 4208 1325 4251; x_wconf 83' lang='lat' dir='ltr'><strong>nott</strong></span> 
     </span>
    </p>
   </div>
   <div class='ocr_carea' id='block_1_6' title="bbox 235 4268 1325 4357">
    <p class='ocr_par' dir='ltr' id='par_1_7' title="bbox 235 4268 1325 4357">
     <span class='ocr_line' id='line_1_47' title="bbox 235 4268 1325 4357; baseline 0.013 -35"><span class='ocrx_word' id='word_1_416' title='bbox 235 4268 338 4324; x_wconf 72' lang='lat' dir='ltr'><strong>mim</strong></span> <span class='ocrx_word' id='word_1_417' title='bbox 361 4268 511 4349; x_wconf 73' lang='lat' dir='ltr'><strong>confidete</strong></span> <span class='ocrx_word' id='word_1_418' title='bbox 531 4284 559 4331; x_wconf 80' lang='lat' dir='ltr'><strong>et</strong></span> <span class='ocrx_word' id='word_1_419' title='bbox 585 4272 792 4333; x_wconf 69' lang='lat' dir='ltr'><strong>metabundus</strong></span> <span class='ocrx_word' id='word_1_420' title='bbox 811 4276 845 4335; x_wconf 83' lang='grc' dir='ltr'><strong>ιἰι</strong></span> <span class='ocrx_word' id='word_1_421' title='bbox 862 4274 1031 4337; x_wconf 77' lang='lat' dir='ltr'><strong>mmdaeiia</strong></span> <span class='ocrx_word' id='word_1_422' title='bbox 1049 4272 1202 4350; x_wconf 70' lang='lat' dir='ltr'><strong>diomedis,</strong></span> <span class='ocrx_word' id='word_1_423' title='bbox 1229 4294 1325 4357; x_wconf 73' lang='lat' dir='ltr'><strong>quatu</strong></span> 
     </span>
    </p>
   </div>
   <div class='ocr_carea' id='block_1_7' title="bbox 0 0 1484 4850">
    <p class='ocr_par' dir='ltr' id='par_1_8' title="bbox 0 0 1484 4850">
     <span class='ocr_line' id='line_1_48' title="bbox 0 0 1484 4850; baseline 0 8"><span class='ocrx_word' id='word_1_424' title='bbox 0 0 1484 4850; x_wconf 95' lang='lat' dir='ltr'><strong> </strong></span> 
     </span>
    </p>
   </div>
  </div>
 </body>
</html>
