2959 4850
245 258 306 327 on
327 258 486 329 exano.
506 252 595 327 ιιι.
615 256 699 327 nc.
718 256 847 328 enoc.
867 258 928 327 nr
947 257 1006 335 ιο.
1027 260 1146 331 rzno
1188 252 1263 328 eor
1284 223 1290 235 '

166 440 295 499 norum,
323 419 382 481 hoc
411 417 533 495 audito,
563 416 686 479 domum
710 438 864 481 reversum
881 437 962 496 erae3
989 420 1102 483 fartum
1121 442 1183 483 eaae
1204 422 1265 484 hcc

167 543 246 583 anno
270 526 332 589 358
353 538 452 581 monac
474 518 662 598 Muharrem;
692 521 802 583 deinde
817 520 1089 601 Sarhdaclclaulrm,
1113 526 1265 587 coriorum

166 646 259 686 manu
271 626 406 695 collecta,
427 644 528 684 menae
540 622 732 685 Remadhano
744 624 892 685 Halebum
906 644 1091 707 oppugnante
1101 615 1131 686 et
1142 648 1266 689 manum

166 745 236 787 cum
258 724 432 808 Karghajah
455 737 486 787 et
502 725 653 807 Bocdjuro
674 726 878 800 consentiam
898 736 966 787 tum
984 728 1114 809 pergite)
1137 729 1265 809 Scripait

110 877 115 886 .
165 827 273 889 cleindc
285 828 461 911 Karghujah
476 829 515 890 acl
535 830 684 890 Romanor
702 838 732 889 et
745 829 909 890 Patricium
922 830 1069 914 quantiam
1076 875 1086 907 ‚
1107 830 1162 910 qui
1176 831 1211 891 in
1222 831 1264 891 fi-

163 930 255 991 nibna
278 930 400 993 ‹litionia
418 934 567 995 Romanae
581 932 775 1009 versabatur,
796 932 934 1012 rogavit,
955 942 992 993 nt
1009 932 1066 993 aihi
1080 932 1193 993 auxilio
1206 952 1264 994 ve-

163 1034 254 1095 niret.
300 1034 375 1113 Hic,
409 1056 486 1097 unua
514 1034 721 1095 eunuchorum
746 1034 924 1115 Nicephori,
957 1036 1079 1097 nominc
1107 1036 1262 1113 Thorbaai,

164 1136 269 1217 copiae
282 1137 398 1216 eduxit,
420 1146 486 1197 tum
501 1146 600 1199 autem
612 1136 671 1198 iter
684 1135 876 1197 Antiochiam
885 1157 990 1199 veraua
1003 1138 1125 1223 ‹lellexit
1136 1149 1263 1221 propter

164 1238 246 1299 hanc
264 1260 417 1321 canuam,
439 1242 521 1322 quod
540 1242 620 1302 inter
636 1238 847 1319 imperatorem
869 1241 1088 1321 Romanorum,
1110 1263 1205 1324 quum
1224 1242 1261 1322 ie,

81 1360 85 1367 ·
164 1362 263 1403 aecum
280 1342 391 1403 ducens
414 1345 550 1425 captivos
572 1353 602 1404 et
617 1341 775 1423 praedam,
795 1351 832 1403 ut
846 1362 937 1425 capra
954 1344 1100 1407 traditum
1114 1352 1175 1421 eat,
1195 1344 1261 1404 Bu·

164 1444 221 1505 kae
233 1444 261 1520 *l
282 1456 466 1522 variaretur,
496 1454 527 1507 et
547 1444 661 1505 incolae
680 1442 771 1503 haim
790 1445 891 1525 urbia,
913 1447 968 1528 qui
989 1446 1151 1507 Clniatiani
1166 1455 1261 1524 erant,

166 1547 373 1625 conveniant,
393 1546 482 1643 uthj
505 1543 697 1607 Antiochiam
717 1543 895 1624 migrarent,
925 1549 1099 1609 aimnlcntea
1120 1566 1153 1607 aa
1176 1556 1261 1607 metu

164 1649 365 1711 homanorum
380 1648 533 1711 domicilia
553 1646 725 1727 reliquiae,
745 1646 789 1705 ita
803 1656 841 1707 ut
854 1648 925 1709 ictio
939 1648 1106 1711 habitante·
1119 1647 1262 1709 Romania

164 1751 356 1815 Antiochiam
374 1751 531 1813 obsidione
552 1748 722 1832 petentibus
741 1748 780 1809 ad
799 1752 906 1813 urbem
923 1750 1152 1835 expugnandam
1171 1748 1262 1809 anxi·

163 1856 243 1917 lium
261 1858 383 1939 serrant.
426 1854 494 1929 Quo
513 1854 594 1915 facto
610 1852 735 1913 concilia
748 1872 817 1913 cum
829 1854 1007 1917 Christiani·
1020 1851 1197 1916 Antiochiae
1209 1850 1262 1912 in.·

163 1958 239 2019 colia
262 1958 445 2019 coniunxere
463 1964 495 2016 et
510 1953 709 2015 Thorbaeium
729 1955 887 2018 certiorem
909 1959 1024 2035 facere,
1044 1976 1173 2018 vacuam
1196 1973 1261 2016 caea

163 2060 269 2121 arbem
284 2068 315 2121 et
328 2058 481 2141 praesecto
497 2056 679 2123 destitutam.
720 2058 842 2119 Incolae
860 2069 960 2121 ratem
975 2057 1061 2121 urbia
1072 2056 1260 2117 Muhamme-

164 2164 234 2225 dani
242 2184 344 2225 muron
352 2162 544 2223 decernerent
557 2170 587 2219 et
597 2162 825 2241 negligentiore·
832 2172 917 2223 erant
928 2163 962 2223 in
967 2162 1044 2221 urbe
1056 2157 1260 2235 custodienda,

164 2286 256 2347 quum
274 2264 424 2325 exercitur
442 2264 593 2325 Romanoa
615 2265 654 2326 ml
678 2266 732 2325 XL
753 2264 867 2339 millia,
894 2264 1020 2325 (lucibus
1043 2260 1207 2323 Thcrbaaio
1229 2272 1260 2321 et

162 2364 642 2445 laniio-bcn-Schomeechkik,
672 2366 883 2447 aggrederetur
901 2375 933 2427 et
953 2363 1144 2427 Antiochiam
1171 2362 1260 2426 obei-

162 2471 252 2532 ‹lione
264 2471 405 2549 cingeret.
442 2469 562 2530 Incolae
573 2471 674 2531 Bukae
686 2471 723 2530 ab
736 2491 770 2531 aa
784 2490 874 2550 quam
884 2478 1048 2530 tenuerunt
1059 2468 1169 2528 cummi
1180 2465 1260 2527 muri

161 2582 248 2657 parte
264 2573 483 2633 descenderunt
494 2581 524 2632 et
533 2573 651 2632 moenia
661 2573 748 2634 urbia
755 2592 851 2633 vacua
860 2571 1059 2652 reliquerunt3
1080 2581 1146 2632 tum
1157 2587 1260 2630 accen·

164 2677 272 2738 derunt
286 2674 413 2736 Romani
429 2683 460 2734 et
474 2673 549 2734 urhe
564 2676 654 2756 potiti
675 2685 756 2736 aunt„
798 2676 921 2734 Factum
937 2671 998 2735 hoc
1012 2683 1061 2733 eat
1074 2681 1165 2733 nocte
1179 2670 1259 2738 13¹¹·

162 2779 273 2840 manain
290 2777 498 2858 Daulhidjdjae
515 2779 586 2838 anni
605 2779 678 2845 858.
726 2780 926 2839 Panem-arunt
945 2774 1073 2836 Romani
1093 2774 1126 2834 in
1142 2773 1259 2846 urbem,

164 2881 392 2942 combusserunt
413 2889 443 2940 et
462 2881 597 2960 captivos
621 2879 777 2959 fecerunt,
805 2867 864 2939 tuit
885 2886 982 2938 autem
999 2897 1063 2937 nox
1081 2873 1258 2937 nativitatic.

164 2985 266 3060 Quum
282 2981 407 3044 Romani
422 2989 554 3042 montem
574 2981 660 3043 urbia
677 2982 895 3058 arcendieaent‚
918 2963 1142 3061 prehenderunt
1157 2985 1258 3038 curto·

163 3087 216 3148 ‹lea
242 3095 273 3146 et
295 3085 335 3144 eia
360 3083 523 3146 dixeruntr
550 3085 709 3162 „Laudate
733 3093 764 3145 et
781 3084 952 3166 praedicata
970 3085 1065 3143 Deum
1088 3080 1258 3160 magnum.”

164 3189 225 3264 Qui
240 3186 300 3249 hoc
315 3208 378 3246 non
397 3187 501 3248 lecerit
508 3231 518 3266 ‚
539 3185 624 3248 hunc
637 3188 863 3251 interfecerunt.
886 3217 891 3226 ·
907 3185 1051 3248 Custodes
1066 3183 1169 3263 itaque
1183 3201 1258 3264 pro-

164 3293 348 3354 clamaruntr
367 3288 511 3368 „Magum
524 3299 569 3350 eat
577 3290 655 3350 Deur
667 3310 765 3371 nequo
778 3291 857 3350 Item
869 3297 916 3348 eet
927 3297 1046 3370 practer
1062 3281 1163 3347 enm?
1191 3285 1259 3358 Qua

164 3394 286 3476 quidem
299 3413 334 3456 re
351 3391 488 3474 impediti
503 3399 573 3452 cunt
585 3390 710 3469 incolae,
731 3411 791 3473 quo
804 3391 903 3451 ιιιίιιιιι
916 3408 1133 3451 rerumrerum
1146 3394 1258 3446 etatmn

163 3498 442 3584 aqimdverterent,
458 3492 554 3554 donec
566 3493 692 3554 Romani
704 3494 843 3559 omnibua
854 3490 987 3553 turnhuc
997 3487 1088 3571 potiti
1101 3484 1215 3546 luerint
1226 3492 1257 3544 et

164 3619 266 3660 omnee
281 3619 343 3659 una
360 3599 521 3660 clamorem
540 3596 698 3658 ediderint„
741 3598 868 3668 Omma,
890 3593 944 3674 qui
965 3592 1005 3653 ad
1022 3598 1139 3672 portam
1152 3585 1257 3666 hldje-

162 3723 223 3762 nan
238 3696 387 3786 (hortum)
408 3699 519 3760 dictam
533 3700 690 3780 pervenire
710 3699 931 3780 properabant,
954 3693 1067 3775 captivi
1089 3689 1162 3750 lacti
1176 3695 1256 3748 aunt.

163 3805 291 3864 Caterva
306 3812 423 3878 autem,
445 3820 521 3880 quae
542 3800 582 3862 ad
601 3810 720 3882 portam
738 3801 830 3862 marie
847 3819 880 3891 ae
899 3803 1145 3878 congregaverat,
1170 3809 1258 3872 ropa-

162 3905 233 3984 gula
245 3903 374 3964 removit
388 3913 418 3963 ct
433 3901 491 3962 hoc
508 3895 601 3964 modo
610 3904 770 3964 incolumia
784 3903 890 3964 cvaait.
1143 3886 1147 3899 ’

247 4005 375 4066 Romani
390 4005 424 4066 in
437 4016 538 4066 monte
550 4005 634 4067 urbia
649 4026 748 4068 arcem
763 4011 980 4066 astruxerunt
991 4011 1020 4061 et
1031 3997 1196 4060 maximum
1210 3994 1258 4053 la-

163 4127 238 4170 num
262 4107 339 4168 anile
356 4109 510 4188 lecerunt,
532 4108 659 4190 posthac
670 4119 770 4170 tamen
781 4107 949 4190 patriarcha
962 4125 998 4166 eo
1011 4091 1080 4166 loco
1098 4121 1155 4183 pro
1169 4097 1258 4157 horto

198 4257 225 4330 ‘)
240 4258 285 4313 Ex
301 4259 350 4315 hoc
365 4259 423 4316 loco
435 4263 545 4332 apparet
562 4259 684 4316 mandore
701 4277 793 4316 acmen
815 4258 938 4332 acrlptan
955 4275 1013 4313 aare
1024 4271 1068 4328 ap.
1083 4248 1259 4321 hbflphml·

232 4345 259 4399 p.
270 4329 338 4396 206,
355 4331 401 4386 ahi
412 4331 484 4386 Luca
497 4329 605 4402 legiter.
621 4330 651 4387 ln
