<?xml version="1.0" encoding="UTF-8"?>
<!DOCTYPE html PUBLIC "-//W3C//DTD XHTML 1.0 Transitional//EN"
    "http://www.w3.org/TR/xhtml1/DTD/xhtml1-transitional.dtd">
<html xmlns="http://www.w3.org/1999/xhtml" xml:lang="en" lang="en">
 <head>
  <title>
</title>
<meta http-equiv="Content-Type" content="text/html;charset=utf-8" />
  <meta name='ocr-system' content='tesseract 3.04.00' />
  <meta name='ocr-capabilities' content='ocr_page ocr_carea ocr_par ocr_line ocrx_word'/>
</head>
<body>
  <div class='ocr_page' id='page_1' title='image "./corpusscriptoru00theogoog/corpusscriptoru00theogoog_0449.png"; bbox 0 0 2959 4850; ppageno 0'>
   <div class='ocr_carea' id='block_1_1' title="bbox 390 273 1232 373">
    <p class='ocr_par' dir='ltr' id='par_1_1' title="bbox 390 273 1232 373">
     <span class='ocr_line' id='line_1_1' title="bbox 390 273 1232 373; baseline 0.014 -24"><span class='ocrx_word' id='word_1_1' title='bbox 390 282 451 349; x_wconf 85' lang='lat' dir='ltr'><strong>AD</strong></span> <span class='ocrx_word' id='word_1_2' title='bbox 470 280 757 353; x_wconf 85' lang='lat' dir='ltr'>NICEPHORUM</span> <span class='ocrx_word' id='word_1_3' title='bbox 778 273 976 359; x_wconf 79' lang='lat' dir='ltr'><strong>PHOCAM.</strong></span> <span class='ocrx_word' id='word_1_4' title='bbox 1075 366 1078 373; x_wconf 59' lang='grc'>,</span> <span class='ocrx_word' id='word_1_5' title='bbox 1157 283 1232 361; x_wconf 76' lang='grc'><strong>858</strong></span> 
     </span>
    </p>
   </div>
   <div class='ocr_carea' id='block_1_2' title="bbox 145 439 1259 1033">
    <p class='ocr_par' dir='ltr' id='par_1_2' title="bbox 145 439 1259 1033">
     <span class='ocr_line' id='line_1_2' title="bbox 146 439 1233 534; baseline 0.014 -36"><span class='ocrx_word' id='word_1_6' title='bbox 146 458 208 499; x_wconf 85' lang='lat' dir='ltr'><strong>non</strong></span> <span class='ocrx_word' id='word_1_7' title='bbox 221 439 465 519; x_wconf 66' lang='lat' dir='ltr'><strong>remmittuntur,</strong></span> <span class='ocrx_word' id='word_1_8' title='bbox 485 441 537 502; x_wconf 85' lang='lat' dir='ltr'><strong>eed</strong></span> <span class='ocrx_word' id='word_1_9' title='bbox 552 442 637 523; x_wconf 80' lang='lat' dir='ltr'><strong>queri</strong></span> <span class='ocrx_word' id='word_1_10' title='bbox 651 449 893 525; x_wconf 77' lang='lat' dir='ltr'><strong>praevetuetete,</strong></span> <span class='ocrx_word' id='word_1_11' title='bbox 913 454 951 507; x_wconf 90' lang='lat' dir='ltr'><strong>ut</strong></span> <span class='ocrx_word' id='word_1_12' title='bbox 963 447 1053 510; x_wconf 75' lang='lat' dir='ltr'><strong>venie</strong></span> <span class='ocrx_word' id='word_1_13' title='bbox 1064 456 1233 534; x_wconf 83' lang='lat' dir='ltr'><strong>contempte</strong></span> 
     </span>
     <span class='ocr_line' id='line_1_3' title="bbox 146 540 1231 625; baseline 0.012 -24"><span class='ocrx_word' id='word_1_14' title='bbox 146 540 357 603; x_wconf 84' lang='lat' dir='ltr'><strong>contemnitur.</strong></span> <span class='ocrx_word' id='word_1_15' title='bbox 399 543 458 603; x_wconf 81' lang='lat' dir='ltr'><strong>Sed</strong></span> <span class='ocrx_word' id='word_1_16' title='bbox 476 543 555 604; x_wconf 88' lang='lat' dir='ltr'><strong>hene</strong></span> <span class='ocrx_word' id='word_1_17' title='bbox 570 546 726 625; x_wconf 80' lang='lat' dir='ltr'><strong>synodum</strong></span> <span class='ocrx_word' id='word_1_18' title='bbox 742 546 852 606; x_wconf 74' lang='lat' dir='ltr'><strong>tactem</strong></span> <span class='ocrx_word' id='word_1_19' title='bbox 871 568 935 611; x_wconf 87' lang='lat' dir='ltr'><strong>eeee</strong></span> <span class='ocrx_word' id='word_1_20' title='bbox 953 548 987 608; x_wconf 92' lang='lat' dir='ltr'><strong>in</strong></span> <span class='ocrx_word' id='word_1_21' title='bbox 1001 551 1131 611; x_wconf 84' lang='lat' dir='ltr'><strong>Sexonie</strong></span> <span class='ocrx_word' id='word_1_22' title='bbox 1148 562 1231 614; x_wconf 86' lang='lat' dir='ltr'><strong>certo</strong></span> 
     </span>
     <span class='ocr_line' id='line_1_4' title="bbox 146 641 1231 734; baseline 0.011 -30"><span class='ocrx_word' id='word_1_23' title='bbox 146 642 230 720; x_wconf 83' lang='lat' dir='ltr'><strong>eeio,</strong></span> <span class='ocrx_word' id='word_1_24' title='bbox 252 641 285 703; x_wconf 91' lang='lat' dir='ltr'><strong>in</strong></span> <span class='ocrx_word' id='word_1_25' title='bbox 305 662 363 723; x_wconf 89' lang='lat' dir='ltr'><strong>que</strong></span> <span class='ocrx_word' id='word_1_26' title='bbox 378 652 539 707; x_wconf 74' lang='lat' dir='ltr'><strong>eructatum</strong></span> <span class='ocrx_word' id='word_1_27' title='bbox 558 655 603 707; x_wconf 89' lang='lat' dir='ltr'><strong>eet</strong></span> <span class='ocrx_word' id='word_1_28' title='bbox 622 654 652 707; x_wconf 89' lang='lat' dir='ltr'><strong>et</strong></span> <span class='ocrx_word' id='word_1_29' title='bbox 669 646 835 727; x_wconf 71' lang='lat' dir='ltr'><strong>firmatum,</strong></span> <span class='ocrx_word' id='word_1_30' title='bbox 857 649 1011 710; x_wconf 89' lang='lat' dir='ltr'><strong>deeentiue</strong></span> <span class='ocrx_word' id='word_1_31' title='bbox 1029 650 1148 715; x_wconf 87' lang='lat' dir='ltr'><strong>eneibue</strong></span> <span class='ocrx_word' id='word_1_32' title='bbox 1168 675 1231 734; x_wconf 89' lang='lat' dir='ltr'><strong>pu-</strong></span> 
     </span>
     <span class='ocr_line' id='line_1_5' title="bbox 146 746 1259 831; baseline 0.014 -29"><span class='ocrx_word' id='word_1_33' title='bbox 146 763 253 823; x_wconf 75' lang='lat' dir='ltr'><strong>gnere,</strong></span> <span class='ocrx_word' id='word_1_34' title='bbox 282 764 372 825; x_wconf 85' lang='lat' dir='ltr'><strong>quem</strong></span> <span class='ocrx_word' id='word_1_35' title='bbox 392 746 528 823; x_wconf 78' lang='lat' dir='ltr'><strong>onlemie3</strong></span> <span class='ocrx_word' id='word_1_36' title='bbox 558 757 590 807; x_wconf 91' lang='lat' dir='ltr'><strong>et</strong></span> <span class='ocrx_word' id='word_1_37' title='bbox 605 748 689 829; x_wconf 85' lang='lat' dir='ltr'><strong>peine</strong></span> <span class='ocrx_word' id='word_1_38' title='bbox 710 756 837 810; x_wconf 89' lang='lat' dir='ltr'><strong>mortem</strong></span> <span class='ocrx_word' id='word_1_39' title='bbox 856 750 955 830; x_wconf 87' lang='lat' dir='ltr'><strong>obire,</strong></span> <span class='ocrx_word' id='word_1_40' title='bbox 985 771 1074 831; x_wconf 87' lang='lat' dir='ltr'><strong>quem</strong></span> <span class='ocrx_word' id='word_1_41' title='bbox 1094 751 1259 817; x_wconf 77' lang='lat' dir='ltr'><strong>hortibueB.</strong></span> 
     </span>
     <span class='ocr_line' id='line_1_6' title="bbox 145 845 1231 935; baseline 0.011 -31"><span class='ocrx_word' id='word_1_42' title='bbox 145 853 226 923; x_wconf 74' lang='lat' dir='ltr'><strong>terge</strong></span> <span class='ocrx_word' id='word_1_43' title='bbox 240 845 326 907; x_wconf 86' lang='lat' dir='ltr'><strong>dere:</strong></span> <span class='ocrx_word' id='word_1_44' title='bbox 348 847 429 928; x_wconf 86' lang='lat' dir='ltr'><strong>quod</strong></span> <span class='ocrx_word' id='word_1_45' title='bbox 439 849 488 909; x_wconf 77' lang='lat' dir='ltr'><strong>vel</strong></span> <span class='ocrx_word' id='word_1_46' title='bbox 501 858 571 909; x_wconf 84' lang='lat' dir='ltr'><strong>tune</strong></span> <span class='ocrx_word' id='word_1_47' title='bbox 586 850 732 911; x_wconf 82' lang='lat' dir='ltr'><strong>exercituo</strong></span> <span class='ocrx_word' id='word_1_48' title='bbox 746 852 909 931; x_wconf 86' lang='lat' dir='ltr'><strong>experitur,</strong></span> <span class='ocrx_word' id='word_1_49' title='bbox 929 852 964 913; x_wconf 88' lang='lat' dir='ltr'><strong>in</strong></span> <span class='ocrx_word' id='word_1_50' title='bbox 977 852 1067 913; x_wconf 83' lang='lat' dir='ltr'><strong>eorde</strong></span> <span class='ocrx_word' id='word_1_51' title='bbox 1076 874 1142 915; x_wconf 88' lang='lat' dir='ltr'><strong>meo</strong></span> <span class='ocrx_word' id='word_1_52' title='bbox 1155 856 1231 935; x_wconf 85' lang='lat' dir='ltr'><strong>dixi,</strong></span> 
     </span>
     <span class='ocr_line' id='line_1_7' title="bbox 146 942 1233 1033; baseline 0.013 -28"><span class='ocrx_word' id='word_1_53' title='bbox 146 954 176 1005; x_wconf 86' lang='lat' dir='ltr'><strong>et</strong></span> <span class='ocrx_word' id='word_1_54' title='bbox 188 967 275 1026; x_wconf 87' lang='lat' dir='ltr'><strong>quem</strong></span> <span class='ocrx_word' id='word_1_55' title='bbox 287 949 349 1008; x_wconf 85' lang='lat' dir='ltr'><strong>eint</strong></span> <span class='ocrx_word' id='word_1_56' title='bbox 364 942 511 1031; x_wconf 73' lang='lat' dir='ltr'><strong>pugnaces</strong></span> <span class='ocrx_word' id='word_1_57' title='bbox 524 972 557 1013; x_wconf 89' lang='lat' dir='ltr'><strong>re</strong></span> <span class='ocrx_word' id='word_1_58' title='bbox 572 952 637 1031; x_wconf 84' lang='lat' dir='ltr'><strong>ipee</strong></span> <span class='ocrx_word' id='word_1_59' title='bbox 654 953 832 1033; x_wconf 83' lang='lat' dir='ltr'><strong>experietur.</strong></span> <span class='ocrx_word' id='word_1_60' title='bbox 874 953 984 1014; x_wconf 84' lang='lat' dir='ltr'><strong>Verum</strong></span> <span class='ocrx_word' id='word_1_61' title='bbox 997 952 1055 1014; x_wconf 85' lang='lat' dir='ltr'><strong>heo</strong></span> <span class='ocrx_word' id='word_1_62' title='bbox 1067 956 1169 1017; x_wconf 85' lang='lat' dir='ltr'><strong>eedem</strong></span> <span class='ocrx_word' id='word_1_63' title='bbox 1182 957 1233 1020; x_wconf 86' lang='lat' dir='ltr'><strong>die</strong></span> 
     </span>
    </p>
   </div>
   <div class='ocr_carea' id='block_1_3' title="bbox 101 1042 1256 3688">
    <p class='ocr_par' dir='ltr' id='par_1_3' title="bbox 101 1042 1256 3688">
     <span class='ocr_line' id='line_1_8' title="bbox 145 1042 1232 1135; baseline 0.013 -29"><span class='ocrx_word' id='word_1_64' title='bbox 145 1042 216 1127; x_wconf 83' lang='lat' dir='ltr'><strong>poet</strong></span> <span class='ocrx_word' id='word_1_65' title='bbox 236 1049 404 1129; x_wconf 75' lang='lat' dir='ltr'><strong>meridiem,</strong></span> <span class='ocrx_word' id='word_1_66' title='bbox 435 1052 508 1112; x_wconf 88' lang='lat' dir='ltr'><strong>edeo</strong></span> <span class='ocrx_word' id='word_1_67' title='bbox 528 1052 722 1135; x_wconf 78' lang='lat' dir='ltr'><strong>impotentem</strong></span> <span class='ocrx_word' id='word_1_68' title='bbox 743 1064 774 1114; x_wconf 89' lang='lat' dir='ltr'><strong>et</strong></span> <span class='ocrx_word' id='word_1_69' title='bbox 792 1054 1034 1133; x_wconf 78' lang='lat' dir='ltr'><strong>treneiiguretum</strong></span> <span class='ocrx_word' id='word_1_70' title='bbox 1053 1078 1103 1117; x_wconf 86' lang='lat' dir='ltr'><strong>rue</strong></span> <span class='ocrx_word' id='word_1_71' title='bbox 1128 1078 1232 1119; x_wconf 81' lang='lat' dir='ltr'><strong>rever-</strong></span> 
     </span>
     <span class='ocr_line' id='line_1_9' title="bbox 144 1151 1231 1239; baseline 0.011 -29"><span class='ocrx_word' id='word_1_72' title='bbox 144 1152 221 1211; x_wconf 80' lang='lat' dir='ltr'><strong>tenti</strong></span> <span class='ocrx_word' id='word_1_73' title='bbox 239 1151 279 1212; x_wconf 85' lang='lat' dir='ltr'><strong>ed</strong></span> <span class='ocrx_word' id='word_1_74' title='bbox 299 1153 443 1234; x_wconf 72' lang='lat' dir='ltr'><strong>palatium</strong></span> <span class='ocrx_word' id='word_1_75' title='bbox 462 1154 519 1215; x_wconf 87' lang='lat' dir='ltr'><strong>eibi</strong></span> <span class='ocrx_word' id='word_1_76' title='bbox 540 1157 691 1237; x_wconf 81' lang='lat' dir='ltr'><strong>proecepit</strong></span> <span class='ocrx_word' id='word_1_77' title='bbox 714 1173 890 1232; x_wconf 84' lang='lat' dir='ltr'><strong>occurrere,</strong></span> <span class='ocrx_word' id='word_1_78' title='bbox 920 1165 954 1217; x_wconf 87' lang='lat' dir='ltr'><strong>nt</strong></span> <span class='ocrx_word' id='word_1_79' title='bbox 972 1156 1125 1219; x_wconf 84' lang='lat' dir='ltr'><strong>obvientee</strong></span> <span class='ocrx_word' id='word_1_80' title='bbox 1146 1159 1231 1239; x_wconf 79' lang='lat' dir='ltr'><strong>milti,</strong></span> 
     </span>
     <span class='ocr_line' id='line_1_10' title="bbox 146 1254 1232 1345; baseline 0.007 -32"><span class='ocrx_word' id='word_1_81' title='bbox 146 1273 221 1333; x_wconf 75' lang='lat' dir='ltr'><strong>quoe</strong></span> <span class='ocrx_word' id='word_1_82' title='bbox 234 1254 319 1335; x_wconf 81' lang='lat' dir='ltr'><strong>priue</strong></span> <span class='ocrx_word' id='word_1_83' title='bbox 332 1255 364 1316; x_wconf 91' lang='lat' dir='ltr'><strong>in</strong></span> <span class='ocrx_word' id='word_1_84' title='bbox 376 1264 525 1336; x_wconf 78' lang='lat' dir='ltr'><strong>stuporem</strong></span> <span class='ocrx_word' id='word_1_85' title='bbox 538 1257 645 1317; x_wconf 83' lang='lat' dir='ltr'><strong>mentio</strong></span> <span class='ocrx_word' id='word_1_86' title='bbox 658 1259 798 1319; x_wconf 74' lang='lat' dir='ltr'><strong>muliere·</strong></span> <span class='ocrx_word' id='word_1_87' title='bbox 808 1277 930 1333; x_wconf 74' lang='lat' dir='ltr'><strong>verene,</strong></span> <span class='ocrx_word' id='word_1_88' title='bbox 949 1258 1051 1337; x_wconf 81' lang='lat' dir='ltr'><strong>Mene,</strong></span> <span class='ocrx_word' id='word_1_89' title='bbox 1073 1280 1160 1321; x_wconf 87' lang='lat' dir='ltr'><strong>mene</strong></span> <span class='ocrx_word' id='word_1_90' title='bbox 1173 1259 1232 1345; x_wconf 77' lang='lat'><strong>²⁰),</strong></span> 
     </span>
     <span class='ocr_line' id='line_1_11' title="bbox 146 1354 1232 1441; baseline 0.012 -28"><span class='ocrx_word' id='word_1_91' title='bbox 146 1354 327 1433; x_wconf 86' lang='lat' dir='ltr'><strong>olemebent‚</strong></span> <span class='ocrx_word' id='word_1_92' title='bbox 348 1358 499 1419; x_wconf 73' lang='lat' dir='ltr'><strong>miseriem</strong></span> <span class='ocrx_word' id='word_1_93' title='bbox 517 1378 614 1419; x_wconf 81' lang='lat' dir='ltr'><strong>meum</strong></span> <span class='ocrx_word' id='word_1_94' title='bbox 636 1360 744 1440; x_wconf 70' lang='lat' dir='ltr'><strong>pugnis</strong></span> <span class='ocrx_word' id='word_1_95' title='bbox 761 1369 884 1441; x_wconf 79' lang='lat' dir='ltr'><strong>pectore</strong></span> <span class='ocrx_word' id='word_1_96' title='bbox 903 1368 1007 1421; x_wconf 86' lang='lat' dir='ltr'><strong>tuneee</strong></span> <span class='ocrx_word' id='word_1_97' title='bbox 1028 1362 1163 1423; x_wconf 83' lang='lat' dir='ltr'><strong>dicerent</strong></span> <span class='ocrx_word' id='word_1_98' title='bbox 1177 1386 1232 1426; x_wconf 78' lang='grc' dir='ltr'><strong>τα·</strong></span> 
     </span>
     <span class='ocr_line' id='line_1_12' title="bbox 144 1455 1231 1541; baseline 0.006 -22"><span class='ocrx_word' id='word_1_99' title='bbox 144 1455 228 1519; x_wconf 76' lang='lat' dir='ltr'><strong>reteri</strong></span> <span class='ocrx_word' id='word_1_100' title='bbox 246 1457 297 1523; x_wconf 79' lang='lat' dir='ltr'><strong>nul</strong></span> <span class='ocrx_word' id='word_1_101' title='bbox 315 1462 499 1541; x_wconf 74' lang='grc' dir='ltr'><strong><em>ταλαίπωρε,</em></strong></span> <span class='ocrx_word' id='word_1_102' title='bbox 521 1459 584 1532; x_wconf 90' lang='lat' dir='ltr'><strong>oui,</strong></span> <span class='ocrx_word' id='word_1_103' title='bbox 604 1459 773 1541; x_wconf 83' lang='lat' dir='ltr'><strong>Nicephoro</strong></span> <span class='ocrx_word' id='word_1_104' title='bbox 788 1460 903 1521; x_wconf 85' lang='lat' dir='ltr'><strong>ecilioet</strong></span> <span class='ocrx_word' id='word_1_105' title='bbox 920 1462 1069 1539; x_wconf 83' lang='lat' dir='ltr'><strong>venienti,</strong></span> <span class='ocrx_word' id='word_1_106' title='bbox 1095 1472 1126 1523; x_wconf 87' lang='lat' dir='ltr'><strong>et</strong></span> <span class='ocrx_word' id='word_1_107' title='bbox 1142 1464 1231 1525; x_wconf 78' lang='lat' dir='ltr'><strong>vobio</strong></span> 
     </span>
     <span class='ocr_line' id='line_1_13' title="bbox 144 1558 1230 1647; baseline 0.008 -29"><span class='ocrx_word' id='word_1_108' title='bbox 144 1558 323 1633; x_wconf 75' lang='lat' dir='ltr'><strong>abuentibus,</strong></span> <span class='ocrx_word' id='word_1_109' title='bbox 343 1560 415 1641; x_wconf 90' lang='lat' dir='ltr'><strong>quid</strong></span> <span class='ocrx_word' id='word_1_110' title='bbox 427 1570 501 1622; x_wconf 87' lang='lat' dir='ltr'><strong>tune</strong></span> <span class='ocrx_word' id='word_1_111' title='bbox 513 1562 650 1622; x_wconf 88' lang='lat' dir='ltr'><strong>menibue</strong></span> <span class='ocrx_word' id='word_1_112' title='bbox 663 1560 696 1621; x_wconf 89' lang='lat' dir='ltr'><strong>in</strong></span> <span class='ocrx_word' id='word_1_113' title='bbox 707 1561 819 1620; x_wconf 84' lang='lat' dir='ltr'><strong>eoelum</strong></span> <span class='ocrx_word' id='word_1_114' title='bbox 832 1561 938 1621; x_wconf 80' lang='lat' dir='ltr'><strong>erectio</strong></span> <span class='ocrx_word' id='word_1_115' title='bbox 953 1565 1134 1644; x_wconf 77' lang='lat' dir='ltr'><strong>optaverim,</strong></span> <span class='ocrx_word' id='word_1_116' title='bbox 1155 1588 1230 1647; x_wconf 88' lang='lat' dir='ltr'><strong>pre-</strong></span> 
     </span>
     <span class='ocr_line' id='line_1_14' title="bbox 143 1661 1232 1745; baseline 0.003 -25"><span class='ocrx_word' id='word_1_117' title='bbox 143 1661 394 1723; x_wconf 82' lang='lat' dir='ltr'><strong>venientutinem.</strong></span> <span class='ocrx_word' id='word_1_118' title='bbox 416 1664 474 1724; x_wconf 89' lang='lat' dir='ltr'><strong>Sed</strong></span> <span class='ocrx_word' id='word_1_119' title='bbox 481 1662 652 1724; x_wconf 86' lang='lat' dir='ltr'><strong>mihivelim</strong></span> <span class='ocrx_word' id='word_1_120' title='bbox 662 1662 800 1739; x_wconf 73' lang='lat' dir='ltr'><strong>credetis,</strong></span> <span class='ocrx_word' id='word_1_121' title='bbox 813 1662 951 1723; x_wconf 66' lang='lat' dir='ltr'><strong>edruum</strong></span> <span class='ocrx_word' id='word_1_122' title='bbox 959 1683 1075 1727; x_wconf 83' lang='lat' dir='ltr'><strong>menon</strong></span> <span class='ocrx_word' id='word_1_123' title='bbox 1081 1686 1187 1745; x_wconf 86' lang='lat' dir='ltr'><strong>perum</strong></span> <span class='ocrx_word' id='word_1_124' title='bbox 1193 1666 1232 1726; x_wconf 88' lang='lat' dir='ltr'><strong>il.</strong></span> 
     </span>
     <span class='ocr_line' id='line_1_15' title="bbox 143 1762 1228 1847; baseline 0.004 -24"><span class='ocrx_word' id='word_1_125' title='bbox 143 1762 226 1826; x_wconf 76' lang='lat' dir='ltr'><strong>lenit.</strong></span> <span class='ocrx_word' id='word_1_126' title='bbox 249 1763 419 1845; x_wconf 77' lang='lat' dir='ltr'><strong>impatienti</strong></span> <span class='ocrx_word' id='word_1_127' title='bbox 434 1766 512 1827; x_wconf 89' lang='lat' dir='ltr'><strong>euim</strong></span> <span class='ocrx_word' id='word_1_128' title='bbox 527 1776 616 1846; x_wconf 87' lang='lat' dir='ltr'><strong>etque</strong></span> <span class='ocrx_word' id='word_1_129' title='bbox 635 1764 757 1825; x_wconf 78' lang='lat' dir='ltr'><strong>effraeni</strong></span> <span class='ocrx_word' id='word_1_130' title='bbox 768 1763 901 1824; x_wconf 75' lang='lat' dir='ltr'><strong>inrident</strong></span> <span class='ocrx_word' id='word_1_131' title='bbox 909 1784 1003 1844; x_wconf 86' lang='lat' dir='ltr'><strong>equo,</strong></span> <span class='ocrx_word' id='word_1_132' title='bbox 1025 1766 1228 1847; x_wconf 80' lang='lat' dir='ltr'><strong>eetiepervue,</strong></span> 
     </span>
     <span class='ocr_line' id='line_1_16' title="bbox 144 1864 1254 1950; baseline 0.006 -26"><span class='ocrx_word' id='word_1_133' title='bbox 144 1865 340 1946; x_wconf 83' lang='lat' dir='ltr'><strong>eutiemegno,</strong></span> <span class='ocrx_word' id='word_1_134' title='bbox 356 1888 489 1950; x_wconf 81' lang='lat' dir='ltr'><strong>puppem</strong></span> <span class='ocrx_word' id='word_1_135' title='bbox 502 1868 601 1949; x_wconf 90' lang='lat' dir='ltr'><strong>ipeum</strong></span> <span class='ocrx_word' id='word_1_136' title='bbox 614 1888 697 1928; x_wconf 83' lang='lat' dir='ltr'><strong>meno</strong></span> <span class='ocrx_word' id='word_1_137' title='bbox 707 1866 765 1926; x_wconf 87' lang='lat' dir='ltr'><strong>eibi</strong></span> <span class='ocrx_word' id='word_1_138' title='bbox 776 1864 914 1946; x_wconf 84' lang='lat' dir='ltr'><strong>depinxit</strong></span> <span class='ocrx_word' id='word_1_139' title='bbox 925 1886 1000 1940; x_wconf 88' lang='lat' dir='ltr'><strong>meo,</strong></span> <span class='ocrx_word' id='word_1_140' title='bbox 1009 1867 1254 1946; x_wconf 74' lang='lat' dir='ltr'><strong>quemSehleeiG</strong></span> 
     </span>
     <span class='ocr_line' id='line_1_17' title="bbox 142 1967 1232 2053; baseline -0.001 -21"><span class='ocrx_word' id='word_1_141' title='bbox 142 1971 235 2032; x_wconf 75' lang='lat' dir='ltr'><strong>ventri</strong></span> <span class='ocrx_word' id='word_1_142' title='bbox 250 1974 356 2053; x_wconf 86' lang='lat' dir='ltr'><strong>equino</strong></span> <span class='ocrx_word' id='word_1_143' title='bbox 373 1970 544 2049; x_wconf 77' lang='lat' dir='ltr'><strong>colligentes</strong></span> <span class='ocrx_word' id='word_1_144' title='bbox 557 1969 641 2051; x_wconf 90' lang='lat' dir='ltr'><strong>pullo</strong></span> <span class='ocrx_word' id='word_1_145' title='bbox 656 1977 781 2029; x_wconf 78' lang='lat' dir='ltr'><strong>metrum</strong></span> <span class='ocrx_word' id='word_1_146' title='bbox 794 1967 1019 2047; x_wconf 78' lang='lat' dir='ltr'><strong>praecedentem</strong></span> <span class='ocrx_word' id='word_1_147' title='bbox 1032 1970 1113 2048; x_wconf 88' lang='lat' dir='ltr'><strong>eequi</strong></span> <span class='ocrx_word' id='word_1_148' title='bbox 1128 1970 1232 2031; x_wconf 75' lang='lat' dir='ltr'><strong>effrae-</strong></span> 
     </span>
     <span class='ocr_line' id='line_1_18' title="bbox 142 2067 1232 2153; baseline -0.002 -20"><span class='ocrx_word' id='word_1_149' title='bbox 142 2083 213 2133; x_wconf 88' lang='lat' dir='ltr'><strong>nete</strong></span> <span class='ocrx_word' id='word_1_150' title='bbox 230 2074 394 2135; x_wconf 88' lang='lat' dir='ltr'><strong>dimittunt.</strong></span> <span class='ocrx_word' id='word_1_151' title='bbox 435 2073 490 2134; x_wconf 89' lang='lat' dir='ltr'><strong>llie</strong></span> <span class='ocrx_word' id='word_1_152' title='bbox 506 2072 630 2153; x_wconf 82' lang='lat' dir='ltr'><strong>expletio</strong></span> <span class='ocrx_word' id='word_1_153' title='bbox 645 2072 682 2131; x_wconf 89' lang='lat' dir='ltr'><strong>ed</strong></span> <span class='ocrx_word' id='word_1_154' title='bbox 705 2070 844 2131; x_wconf 77' lang='lat' dir='ltr'><strong>conniveo</strong></span> <span class='ocrx_word' id='word_1_155' title='bbox 865 2078 895 2129; x_wconf 88' lang='lat' dir='ltr'><strong>et</strong></span> <span class='ocrx_word' id='word_1_156' title='bbox 910 2067 1126 2130; x_wconf 79' lang='lat' dir='ltr'><strong>ooleebitetoree</strong></span> <span class='ocrx_word' id='word_1_157' title='bbox 1142 2091 1232 2145; x_wconf 82' lang='lat' dir='ltr'><strong>mooe,</strong></span> 
     </span>
     <span class='ocr_line' id='line_1_19' title="bbox 143 2168 1232 2257; baseline -0.004 -22"><span class='ocrx_word' id='word_1_158' title='bbox 143 2175 275 2257; x_wconf 85' lang='lat' dir='ltr'><strong>quinque</strong></span> <span class='ocrx_word' id='word_1_159' title='bbox 296 2177 415 2252; x_wconf 88' lang='lat' dir='ltr'><strong>leonee,</strong></span> <span class='ocrx_word' id='word_1_160' title='bbox 436 2176 469 2235; x_wconf 86' lang='lat' dir='ltr'><strong>in</strong></span> <span class='ocrx_word' id='word_1_161' title='bbox 488 2173 741 2255; x_wconf 75' lang='lat' dir='ltr'><strong>praenominetem</strong></span> <span class='ocrx_word' id='word_1_162' title='bbox 762 2168 893 2230; x_wconf 74' lang='lat' dir='ltr'><strong>invitem</strong></span> <span class='ocrx_word' id='word_1_163' title='bbox 913 2169 1034 2231; x_wconf 88' lang='lat' dir='ltr'><strong>domum</strong></span> <span class='ocrx_word' id='word_1_164' title='bbox 1056 2192 1121 2231; x_wconf 88' lang='lat' dir='ltr'><strong>eum</strong></span> <span class='ocrx_word' id='word_1_165' title='bbox 1136 2172 1232 2233; x_wconf 87' lang='lat' dir='ltr'><strong>dedu·</strong></span> 
     </span>
     <span class='ocr_line' id='line_1_20' title="bbox 143 2271 1232 2361; baseline -0.004 -24"><span class='ocrx_word' id='word_1_166' title='bbox 143 2288 228 2355; x_wconf 79' lang='lat' dir='ltr'><strong>otue3</strong></span> <span class='ocrx_word' id='word_1_167' title='bbox 257 2279 308 2340; x_wconf 90' lang='lat' dir='ltr'><strong>ubi</strong></span> <span class='ocrx_word' id='word_1_168' title='bbox 334 2287 403 2361; x_wconf 86' lang='lat' dir='ltr'><strong>poet</strong></span> <span class='ocrx_word' id='word_1_169' title='bbox 427 2276 680 2338; x_wconf 73' lang='lat' dir='ltr'><strong>hebdomadorum</strong></span> <span class='ocrx_word' id='word_1_170' title='bbox 709 2273 838 2355; x_wconf 75' lang='lat' dir='ltr'><strong>epatium</strong></span> <span class='ocrx_word' id='word_1_171' title='bbox 867 2271 980 2349; x_wconf 84' lang='lat' dir='ltr'><strong>trium,</strong></span> <span class='ocrx_word' id='word_1_172' title='bbox 1008 2272 1144 2350; x_wconf 79' lang='lat' dir='ltr'><strong>nulline,</strong></span> <span class='ocrx_word' id='word_1_173' title='bbox 1170 2273 1232 2333; x_wconf 85' lang='lat' dir='ltr'><strong>niei</strong></span> 
     </span>
     <span class='ocr_line' id='line_1_21' title="bbox 141 2373 1230 2460; baseline -0.006 -18"><span class='ocrx_word' id='word_1_174' title='bbox 141 2400 276 2442; x_wconf 88' lang='lat' dir='ltr'><strong>meorum</strong></span> <span class='ocrx_word' id='word_1_175' title='bbox 294 2400 360 2443; x_wconf 83' lang='lat' dir='ltr'><strong>eum</strong></span> <span class='ocrx_word' id='word_1_176' title='bbox 381 2378 530 2460; x_wconf 81' lang='lat' dir='ltr'><strong>colloquio</strong></span> <span class='ocrx_word' id='word_1_177' title='bbox 545 2378 689 2441; x_wconf 69' lang='lat' dir='ltr'><strong>visimus.</strong></span> <span class='ocrx_word' id='word_1_178' title='bbox 733 2375 798 2451; x_wconf 83' lang='lat' dir='ltr'><strong>Quo</strong></span> <span class='ocrx_word' id='word_1_179' title='bbox 821 2394 860 2434; x_wconf 84' lang='lat' dir='ltr'><strong>ex</strong></span> <span class='ocrx_word' id='word_1_180' title='bbox 874 2392 909 2435; x_wconf 88' lang='lat' dir='ltr'><strong>re</strong></span> <span class='ocrx_word' id='word_1_181' title='bbox 922 2373 1124 2456; x_wconf 73' lang='lat' dir='ltr'><strong>Nicephorum</strong></span> <span class='ocrx_word' id='word_1_182' title='bbox 1141 2395 1230 2436; x_wconf 88' lang='lat' dir='ltr'><strong>num·</strong></span> 
     </span>
     <span class='ocr_line' id='line_1_22' title="bbox 143 2477 1230 2564; baseline -0.011 -20"><span class='ocrx_word' id='word_1_183' title='bbox 143 2503 230 2564; x_wconf 83' lang='lat' dir='ltr'><strong>quem</strong></span> <span class='ocrx_word' id='word_1_184' title='bbox 245 2505 293 2546; x_wconf 90' lang='lat' dir='ltr'><strong>me</strong></span> <span class='ocrx_word' id='word_1_185' title='bbox 307 2484 384 2545; x_wconf 78' lang='lat' dir='ltr'><strong>velle</strong></span> <span class='ocrx_word' id='word_1_186' title='bbox 405 2483 553 2544; x_wconf 89' lang='lat' dir='ltr'><strong>dimittere</strong></span> <span class='ocrx_word' id='word_1_187' title='bbox 570 2501 652 2542; x_wconf 86' lang='lat' dir='ltr'><strong>meno</strong></span> <span class='ocrx_word' id='word_1_188' title='bbox 665 2478 721 2540; x_wconf 90' lang='lat' dir='ltr'><strong>eibi</strong></span> <span class='ocrx_word' id='word_1_189' title='bbox 735 2477 874 2558; x_wconf 85' lang='lat' dir='ltr'><strong>depinxit</strong></span> <span class='ocrx_word' id='word_1_190' title='bbox 888 2498 968 2555; x_wconf 84' lang='lat' dir='ltr'><strong>mee,</strong></span> <span class='ocrx_word' id='word_1_191' title='bbox 989 2498 1026 2538; x_wconf 83' lang='lat' dir='ltr'><strong>ec</strong></span> <span class='ocrx_word' id='word_1_192' title='bbox 1040 2477 1161 2537; x_wconf 73' lang='lat' dir='ltr'><strong>tristitie</strong></span> <span class='ocrx_word' id='word_1_193' title='bbox 1172 2477 1230 2538; x_wconf 89' lang='lat' dir='ltr'><strong>im.</strong></span> 
     </span>
     <span class='ocr_line' id='line_1_23' title="bbox 143 2579 1232 2666; baseline -0.008 -17"><span class='ocrx_word' id='word_1_194' title='bbox 143 2587 260 2648; x_wconf 80' lang='lat' dir='ltr'><strong>modion</strong></span> <span class='ocrx_word' id='word_1_195' title='bbox 277 2588 448 2666; x_wconf 74' lang='lat' dir='ltr'><strong>languorem</strong></span> <span class='ocrx_word' id='word_1_196' title='bbox 466 2582 603 2664; x_wconf 79' lang='lat' dir='ltr'><strong>languori</strong></span> <span class='ocrx_word' id='word_1_197' title='bbox 618 2582 691 2642; x_wconf 90' lang='lat' dir='ltr'><strong>edeo</strong></span> <span class='ocrx_word' id='word_1_198' title='bbox 708 2579 955 2661; x_wconf 73' lang='lat' dir='ltr'><strong>superimpoeuit‚</strong></span> <span class='ocrx_word' id='word_1_199' title='bbox 974 2587 1011 2638; x_wconf 86' lang='lat' dir='ltr'><strong>ut</strong></span> <span class='ocrx_word' id='word_1_200' title='bbox 1029 2579 1093 2638; x_wconf 87' lang='lat' dir='ltr'><strong>vite</strong></span> <span class='ocrx_word' id='word_1_201' title='bbox 1106 2579 1232 2640; x_wconf 83' lang='lat' dir='ltr'><strong>excede·</strong></span> 
     </span>
     <span class='ocr_line' id='line_1_24' title="bbox 140 2679 1233 2768; baseline -0.011 -16"><span class='ocrx_word' id='word_1_202' title='bbox 140 2710 223 2768; x_wconf 82' lang='lat' dir='ltr'><strong>rem,</strong></span> <span class='ocrx_word' id='word_1_203' title='bbox 243 2689 303 2750; x_wconf 86' lang='lat' dir='ltr'><strong>nioi</strong></span> <span class='ocrx_word' id='word_1_204' title='bbox 324 2689 400 2750; x_wconf 87' lang='lat' dir='ltr'><strong>mihi</strong></span> <span class='ocrx_word' id='word_1_205' title='bbox 416 2689 494 2748; x_wconf 87' lang='lat' dir='ltr'><strong>hene</strong></span> <span class='ocrx_word' id='word_1_206' title='bbox 512 2688 566 2747; x_wconf 88' lang='lat' dir='ltr'><strong>Dei</strong></span> <span class='ocrx_word' id='word_1_207' title='bbox 589 2682 726 2744; x_wconf 82' lang='lat' dir='ltr'><strong>Genitrix</strong></span> <span class='ocrx_word' id='word_1_208' title='bbox 750 2683 922 2742; x_wconf 76' lang='lat' dir='ltr'><strong>ecreetore</strong></span> <span class='ocrx_word' id='word_1_209' title='bbox 942 2690 973 2740; x_wconf 92' lang='lat' dir='ltr'><strong>et</strong></span> <span class='ocrx_word' id='word_1_210' title='bbox 987 2679 1065 2740; x_wconf 82' lang='lat' dir='ltr'><strong>Filio</strong></span> <span class='ocrx_word' id='word_1_211' title='bbox 1086 2699 1140 2741; x_wconf 82' lang='lat' dir='ltr'><strong>euo</strong></span> <span class='ocrx_word' id='word_1_212' title='bbox 1164 2699 1233 2760; x_wconf 80' lang='lat' dir='ltr'><strong>pre·</strong></span> 
     </span>
     <span class='ocr_line' id='line_1_25' title="bbox 142 2781 1232 2871; baseline -0.008 -21"><span class='ocrx_word' id='word_1_213' title='bbox 142 2791 228 2852; x_wconf 86' lang='lat' dir='ltr'><strong>oibue</strong></span> <span class='ocrx_word' id='word_1_214' title='bbox 242 2792 386 2852; x_wconf 86' lang='lat' dir='ltr'><strong>obtineret</strong></span> <span class='ocrx_word' id='word_1_215' title='bbox 391 2813 400 2868; x_wconf 85' lang='lat'>3</span> <span class='ocrx_word' id='word_1_216' title='bbox 424 2789 671 2871; x_wconf 77' lang='lat' dir='ltr'><strong>quemadmodum</strong></span> <span class='ocrx_word' id='word_1_217' title='bbox 687 2806 748 2847; x_wconf 88' lang='lat' dir='ltr'><strong>non</strong></span> <span class='ocrx_word' id='word_1_218' title='bbox 760 2783 926 2860; x_wconf 73' lang='lat' dir='ltr'><strong>fenmetioe,</strong></span> <span class='ocrx_word' id='word_1_219' title='bbox 947 2783 1000 2844; x_wconf 90' lang='lat' dir='ltr'><strong>eed</strong></span> <span class='ocrx_word' id='word_1_220' title='bbox 1012 2803 1083 2844; x_wconf 88' lang='lat' dir='ltr'><strong>vere</strong></span> <span class='ocrx_word' id='word_1_221' title='bbox 1098 2791 1144 2841; x_wconf 81' lang='lat' dir='ltr'><strong>eet</strong></span> <span class='ocrx_word' id='word_1_222' title='bbox 1155 2781 1232 2842; x_wconf 82' lang='lat' dir='ltr'><strong>milri</strong></span> 
     </span>
     <span class='ocr_line' id='line_1_26' title="bbox 141 2881 1232 2969; baseline -0.01 -16"><span class='ocrx_word' id='word_1_223' title='bbox 141 2891 258 2953; x_wconf 74' lang='lat' dir='ltr'><strong>vitione</strong></span> <span class='ocrx_word' id='word_1_224' title='bbox 277 2903 483 2953; x_wconf 73' lang='lat' dir='ltr'><strong>monstratum.</strong></span> <span class='ocrx_word' id='word_1_225' title='bbox 524 2889 579 2952; x_wconf 87' lang='lat' dir='ltr'><strong>llie</strong></span> <span class='ocrx_word' id='word_1_226' title='bbox 598 2909 666 2969; x_wconf 81' lang='lat' dir='ltr'><strong>ergo</strong></span> <span class='ocrx_word' id='word_1_227' title='bbox 686 2888 781 2950; x_wconf 86' lang='lat' dir='ltr'><strong>tribue</strong></span> <span class='ocrx_word' id='word_1_228' title='bbox 801 2885 1035 2947; x_wconf 74' lang='lat' dir='ltr'><strong>hebdomadibue</strong></span> <span class='ocrx_word' id='word_1_229' title='bbox 1049 2882 1155 2942; x_wconf 85' lang='lat' dir='ltr'><strong>hebuit</strong></span> <span class='ocrx_word' id='word_1_230' title='bbox 1174 2881 1232 2942; x_wconf 84' lang='lat' dir='ltr'><strong>Ni·</strong></span> 
     </span>
     <span class='ocr_line' id='line_1_27' title="bbox 141 2982 1256 3074; baseline -0.011 -20"><span class='ocrx_word' id='word_1_231' title='bbox 141 2993 290 3074; x_wconf 85' lang='lat' dir='ltr'><strong>cephorue</strong></span> <span class='ocrx_word' id='word_1_232' title='bbox 317 3005 401 3056; x_wconf 84' lang='lat' dir='ltr'><strong>extre</strong></span> <span class='ocrx_word' id='word_1_233' title='bbox 424 2990 709 3072; x_wconf 86' lang='lat' dir='ltr'><strong>Genetentinopolim</strong></span> <span class='ocrx_word' id='word_1_234' title='bbox 730 2988 918 3064; x_wconf 84' lang='lat' dir='ltr'><strong>meteeteein,</strong></span> <span class='ocrx_word' id='word_1_235' title='bbox 942 2986 977 3045; x_wconf 89' lang='lat' dir='ltr'><strong>id</strong></span> <span class='ocrx_word' id='word_1_236' title='bbox 994 2992 1040 3045; x_wconf 87' lang='lat' dir='ltr'><strong>eet</strong></span> <span class='ocrx_word' id='word_1_237' title='bbox 1057 2982 1256 3059; x_wconf 61' lang='lat' dir='ltr'><strong>titutionem¹</strong></span> 
     </span>
     <span class='ocr_line' id='line_1_28' title="bbox 142 3085 1231 3177; baseline -0.012 -18"><span class='ocrx_word' id='word_1_238' title='bbox 142 3097 176 3159; x_wconf 87' lang='lat' dir='ltr'><strong>in</strong></span> <span class='ocrx_word' id='word_1_239' title='bbox 190 3097 258 3156; x_wconf 85' lang='lat' dir='ltr'><strong>loeo</strong></span> <span class='ocrx_word' id='word_1_240' title='bbox 282 3097 335 3177; x_wconf 90' lang='lat' dir='ltr'><strong>qui</strong></span> <span class='ocrx_word' id='word_1_241' title='bbox 354 3097 465 3158; x_wconf 87' lang='lat' dir='ltr'><strong>dicitur</strong></span> <span class='ocrx_word' id='word_1_242' title='bbox 481 3097 523 3172; x_wconf 74' lang='grc' dir='ltr'><strong>εἰς</strong></span> <span class='ocrx_word' id='word_1_243' title='bbox 544 3091 658 3177; x_wconf 61' lang='lat' dir='ltr'><strong>meyde,</strong></span> <span class='ocrx_word' id='word_1_244' title='bbox 684 3091 718 3152; x_wconf 89' lang='lat' dir='ltr'><strong>id</strong></span> <span class='ocrx_word' id='word_1_245' title='bbox 737 3099 782 3150; x_wconf 87' lang='lat' dir='ltr'><strong>eet</strong></span> <span class='ocrx_word' id='word_1_246' title='bbox 802 3089 842 3149; x_wconf 89' lang='lat' dir='ltr'><strong>ed</strong></span> <span class='ocrx_word' id='word_1_247' title='bbox 862 3090 974 3158; x_wconf 73' lang='lat' dir='ltr'><strong>fontes,</strong></span> <span class='ocrx_word' id='word_1_248' title='bbox 1004 3085 1166 3166; x_wconf 87' lang='lat' dir='ltr'><strong>eodemque</strong></span> <span class='ocrx_word' id='word_1_249' title='bbox 1181 3104 1231 3146; x_wconf 86' lang='lat' dir='ltr'><strong>me</strong></span> 
     </span>
     <span class='ocr_line' id='line_1_29' title="bbox 141 3186 1230 3281; baseline -0.012 -23"><span class='ocrx_word' id='word_1_250' title='bbox 141 3197 244 3258; x_wconf 78' lang='lat' dir='ltr'><strong>venire</strong></span> <span class='ocrx_word' id='word_1_251' title='bbox 254 3200 414 3281; x_wconf 79' lang='lat' dir='ltr'><strong>proecepit.</strong></span> <span class='ocrx_word' id='word_1_252' title='bbox 456 3200 578 3260; x_wconf 85' lang='lat' dir='ltr'><strong>Etcum</strong></span> <span class='ocrx_word' id='word_1_253' title='bbox 597 3193 865 3272; x_wconf 77' lang='lat' dir='ltr'><strong>temenlenguidue</strong></span> <span class='ocrx_word' id='word_1_254' title='bbox 878 3209 986 3259; x_wconf 74' lang='lat' dir='ltr'><strong>mrem,</strong></span> <span class='ocrx_word' id='word_1_255' title='bbox 1008 3195 1043 3249; x_wconf 88' lang='lat' dir='ltr'><strong>ut</strong></span> <span class='ocrx_word' id='word_1_256' title='bbox 1057 3207 1119 3246; x_wconf 88' lang='lat' dir='ltr'><strong>non</strong></span> <span class='ocrx_word' id='word_1_257' title='bbox 1132 3186 1230 3246; x_wconf 87' lang='lat' dir='ltr'><strong>eolum</strong></span> 
     </span>
     <span class='ocr_line' id='line_1_30' title="bbox 101 3287 1231 3382; baseline -0.012 -21"><span class='ocrx_word' id='word_1_258' title='bbox 101 3369 109 3378; x_wconf 52' lang='grc'>,</span> <span class='ocrx_word' id='word_1_259' title='bbox 142 3301 246 3378; x_wconf 80' lang='lat' dir='ltr'><strong>etetio,</strong></span> <span class='ocrx_word' id='word_1_260' title='bbox 272 3302 324 3362; x_wconf 88' lang='lat' dir='ltr'><strong>eed</strong></span> <span class='ocrx_word' id='word_1_261' title='bbox 342 3303 407 3382; x_wconf 85' lang='lat' dir='ltr'><strong>ipee</strong></span> <span class='ocrx_word' id='word_1_262' title='bbox 427 3301 515 3360; x_wconf 88' lang='lat' dir='ltr'><strong>etiem</strong></span> <span class='ocrx_word' id='word_1_263' title='bbox 534 3299 624 3360; x_wconf 82' lang='lat' dir='ltr'><strong>eeeeio</strong></span> <span class='ocrx_word' id='word_1_264' title='bbox 645 3295 746 3375; x_wconf 72' lang='lat' dir='ltr'><strong>gretie</strong></span> <span class='ocrx_word' id='word_1_265' title='bbox 768 3293 842 3354; x_wconf 84' lang='lat' dir='ltr'><strong>milri</strong></span> <span class='ocrx_word' id='word_1_266' title='bbox 860 3310 960 3355; x_wconf 82' lang='lat' dir='ltr'><strong>meree</strong></span> <span class='ocrx_word' id='word_1_267' title='bbox 973 3289 1146 3361; x_wconf 81' lang='lat' dir='ltr'><strong>videretur,</strong></span> <span class='ocrx_word' id='word_1_268' title='bbox 1165 3287 1231 3348; x_wconf 87' lang='lat' dir='ltr'><strong>dio-</strong></span> 
     </span>
     <span class='ocr_line' id='line_1_31' title="bbox 143 3389 1231 3485; baseline -0.01 -21"><span class='ocrx_word' id='word_1_269' title='bbox 143 3413 285 3484; x_wconf 83' lang='lat' dir='ltr'><strong>cooperto</strong></span> <span class='ocrx_word' id='word_1_270' title='bbox 304 3405 418 3485; x_wconf 72' lang='lat' dir='ltr'><strong>capite,</strong></span> <span class='ocrx_word' id='word_1_271' title='bbox 440 3401 521 3483; x_wconf 91' lang='lat' dir='ltr'><strong>quod</strong></span> <span class='ocrx_word' id='word_1_272' title='bbox 538 3402 632 3463; x_wconf 89' lang='lat' dir='ltr'><strong>melee</strong></span> <span class='ocrx_word' id='word_1_273' title='bbox 651 3394 819 3459; x_wconf 75' lang='lat' dir='ltr'><strong>valetudini</strong></span> <span class='ocrx_word' id='word_1_274' title='bbox 838 3413 921 3454; x_wconf 81' lang='lat' dir='ltr'><strong>mooe</strong></span> <span class='ocrx_word' id='word_1_275' title='bbox 940 3391 1029 3452; x_wconf 84' lang='lat' dir='ltr'><strong>nimie</strong></span> <span class='ocrx_word' id='word_1_276' title='bbox 1048 3389 1231 3453; x_wconf 75' lang='lat' dir='ltr'><strong>conneriem</strong></span> 
     </span>
     <span class='ocr_line' id='line_1_32' title="bbox 141 3491 1231 3584; baseline -0.011 -20"><span class='ocrx_word' id='word_1_277' title='bbox 141 3513 217 3584; x_wconf 85' lang='lat' dir='ltr'><strong>eret,</strong></span> <span class='ocrx_word' id='word_1_278' title='bbox 240 3515 307 3566; x_wconf 88' lang='lat' dir='ltr'><strong>ente</strong></span> <span class='ocrx_word' id='word_1_279' title='bbox 320 3526 351 3566; x_wconf 86' lang='lat' dir='ltr'><strong>oe</strong></span> <span class='ocrx_word' id='word_1_280' title='bbox 366 3525 414 3565; x_wconf 88' lang='lat' dir='ltr'><strong>me</strong></span> <span class='ocrx_word' id='word_1_281' title='bbox 432 3493 510 3565; x_wconf 85' lang='lat' dir='ltr'><strong>etere</strong></span> <span class='ocrx_word' id='word_1_282' title='bbox 524 3503 637 3583; x_wconf 75' lang='lat' dir='ltr'><strong>oodgit5</strong></span> <span class='ocrx_word' id='word_1_283' title='bbox 660 3500 708 3562; x_wconf 89' lang='lat' dir='ltr'><strong>oui</strong></span> <span class='ocrx_word' id='word_1_284' title='bbox 725 3507 757 3560; x_wconf 86' lang='lat' dir='ltr'><strong>et</strong></span> <span class='ocrx_word' id='word_1_285' title='bbox 771 3497 827 3558; x_wconf 85' lang='lat' dir='ltr'><strong>eit:</strong></span> <span class='ocrx_word' id='word_1_286' title='bbox 849 3492 970 3554; x_wconf 87' lang='lat' dir='ltr'><strong>Domini</strong></span> <span class='ocrx_word' id='word_1_287' title='bbox 980 3491 1030 3572; x_wconf 84' lang='lat' dir='ltr'><strong>tui</strong></span> <span class='ocrx_word' id='word_1_288' title='bbox 1041 3491 1128 3569; x_wconf 79' lang='lat' dir='ltr'><strong>Regio</strong></span> <span class='ocrx_word' id='word_1_289' title='bbox 1143 3491 1231 3552; x_wconf 89' lang='lat' dir='ltr'><strong>Otto-</strong></span> 
     </span>
     <span class='ocr_line' id='line_1_33' title="bbox 140 3591 1231 3688; baseline -0.011 -22"><span class='ocrx_word' id='word_1_290' title='bbox 140 3607 189 3666; x_wconf 88' lang='lat' dir='ltr'><strong>nie</strong></span> <span class='ocrx_word' id='word_1_291' title='bbox 201 3607 322 3684; x_wconf 80' lang='lat' dir='ltr'><strong>nrmcii,</strong></span> <span class='ocrx_word' id='word_1_292' title='bbox 342 3607 396 3687; x_wconf 83' lang='lat' dir='ltr'><strong>qui</strong></span> <span class='ocrx_word' id='word_1_293' title='bbox 410 3606 570 3688; x_wconf 83' lang='lat' dir='ltr'><strong>praeterito</strong></span> <span class='ocrx_word' id='word_1_294' title='bbox 581 3613 611 3664; x_wconf 86' lang='lat' dir='ltr'><strong>te</strong></span> <span class='ocrx_word' id='word_1_295' title='bbox 622 3608 847 3684; x_wconf 85' lang='lat' dir='ltr'><strong>preeoeeeeruut</strong></span> <span class='ocrx_word' id='word_1_296' title='bbox 859 3616 957 3671; x_wconf 85' lang='lat' dir='ltr'><strong>enno,</strong></span> <span class='ocrx_word' id='word_1_297' title='bbox 978 3593 1145 3652; x_wconf 81' lang='lat' dir='ltr'><strong>iuramento</strong></span> <span class='ocrx_word' id='word_1_298' title='bbox 1155 3591 1231 3650; x_wconf 83' lang='lat' dir='ltr'><strong>mihi</strong></span> 
     </span>
    </p>
   </div>
   <div class='ocr_carea' id='block_1_4' title="bbox 8 3696 1232 3790">
    <p class='ocr_par' dir='ltr' id='par_1_4' title="bbox 8 3696 1232 3790">
     <span class='ocr_line' id='line_1_34' title="bbox 8 3696 1232 3790; baseline -0.018 -19"><span class='ocrx_word' id='word_1_299' title='bbox 8 3719 10 3722; x_wconf 82' lang='grc'><strong>’</strong></span> <span class='ocrx_word' id='word_1_300' title='bbox 139 3696 1232 3790; x_wconf 59' lang='lat' dir='ltr'><strong>promiserunt,etiurieiurendilitereeinpremeutierumeunmnmquem</strong></span> 
     </span>
    </p>
   </div>
   <div class='ocr_carea' id='block_1_5' title="bbox 139 3793 1233 3994">
    <p class='ocr_par' dir='ltr' id='par_1_5' title="bbox 139 3793 1233 3994">
     <span class='ocr_line' id='line_1_35' title="bbox 139 3793 1233 3890; baseline -0.015 -20"><span class='ocrx_word' id='word_1_301' title='bbox 139 3809 273 3870; x_wconf 88' lang='lat' dir='ltr'><strong>illumin</strong></span> <span class='ocrx_word' id='word_1_302' title='bbox 287 3811 388 3890; x_wconf 86' lang='lat' dir='ltr'><strong>eliquo</strong></span> <span class='ocrx_word' id='word_1_303' title='bbox 400 3821 536 3874; x_wconf 81' lang='lat' dir='ltr'><strong>noete-um</strong></span> <span class='ocrx_word' id='word_1_304' title='bbox 546 3807 748 3872; x_wconf 83' lang='lat' dir='ltr'><strong>erendelieere</strong></span> <span class='ocrx_word' id='word_1_305' title='bbox 760 3799 929 3881; x_wconf 84' lang='lat' dir='ltr'><strong>imperium.</strong></span> <span class='ocrx_word' id='word_1_306' title='bbox 969 3793 1022 3855; x_wconf 71' lang='lat' dir='ltr'><strong>vio</strong></span> <span class='ocrx_word' id='word_1_307' title='bbox 1037 3794 1132 3856; x_wconf 86' lang='lat' dir='ltr'><strong>meiue</strong></span> <span class='ocrx_word' id='word_1_308' title='bbox 1146 3815 1233 3854; x_wconf 85' lang='lat' dir='ltr'><strong>eoen-</strong></span> 
     </span>
     <span class='ocr_line' id='line_1_36' title="bbox 141 3895 1232 3994; baseline -0.016 -17"><span class='ocrx_word' id='word_1_309' title='bbox 141 3911 261 3992; x_wconf 78' lang='lat' dir='ltr'><strong>delum,</strong></span> <span class='ocrx_word' id='word_1_310' title='bbox 283 3931 371 3993; x_wconf 87' lang='lat' dir='ltr'><strong>quem</strong></span> <span class='ocrx_word' id='word_1_311' title='bbox 385 3914 468 3994; x_wconf 85' lang='lat' dir='ltr'><strong>quod</strong></span> <span class='ocrx_word' id='word_1_312' title='bbox 488 3934 521 3975; x_wconf 84' lang='lat' dir='ltr'><strong>ee</strong></span> <span class='ocrx_word' id='word_1_313' title='bbox 541 3913 755 3994; x_wconf 74' lang='lat' dir='ltr'><strong>Imperatorem</strong></span> <span class='ocrx_word' id='word_1_314' title='bbox 768 3911 877 3978; x_wconf 79' lang='lat' dir='ltr'><strong>vocet,</strong></span> <span class='ocrx_word' id='word_1_315' title='bbox 897 3895 1020 3981; x_wconf 56' lang='lat' dir='ltr'><strong>Imperi</strong></span> <span class='ocrx_word' id='word_1_316' title='bbox 1041 3895 1139 3960; x_wconf 88' lang='lat' dir='ltr'><strong>uoetri</strong></span> <span class='ocrx_word' id='word_1_317' title='bbox 1160 3895 1232 3959; x_wconf 83' lang='lat' dir='ltr'><strong>the-</strong></span> 
     </span>
    </p>
   </div>
   <div class='ocr_carea' id='block_1_6' title="bbox 171 4125 1029 4304">
    <p class='ocr_par' dir='ltr' id='par_1_6' title="bbox 171 4125 1029 4304">
     <span class='ocr_line' id='line_1_37' title="bbox 171 4125 658 4198; baseline -0.012 -12"><span class='ocrx_word' id='word_1_318' title='bbox 171 4127 224 4198; x_wconf 75' lang='lat'><strong>20)</strong></span> <span class='ocrx_word' id='word_1_319' title='bbox 240 4125 272 4182; x_wconf 91' lang='lat' dir='ltr'><strong>ld</strong></span> <span class='ocrx_word' id='word_1_320' title='bbox 288 4132 330 4183; x_wconf 84' lang='lat' dir='ltr'><strong>eet</strong></span> <span class='ocrx_word' id='word_1_321' title='bbox 348 4127 448 4196; x_wconf 80' lang='lat' dir='ltr'><strong>Meter,</strong></span> <span class='ocrx_word' id='word_1_322' title='bbox 463 4135 557 4184; x_wconf 70' lang='lat' dir='ltr'><strong>meter.</strong></span> <span class='ocrx_word' id='word_1_323' title='bbox 577 4129 658 4184; x_wconf 77' lang='lat' dir='ltr'><strong>dier.</strong></span> 
     </span>
     <span class='ocr_line' id='line_1_38' title="bbox 208 4217 1029 4304; baseline -0.006 -15"><span class='ocrx_word' id='word_1_324' title='bbox 208 4232 366 4304; x_wconf 75' lang='lat' dir='ltr'><strong>Imttproede’</strong></span> <span class='ocrx_word' id='word_1_325' title='bbox 381 4231 502 4304; x_wconf 71' lang='lat' dir='ltr'><strong>tegete.</strong></span> <span class='ocrx_word' id='word_1_326' title='bbox 985 4217 1029 4284; x_wconf 75' lang='lat'><strong>2³</strong></span> 
     </span>
    </p>
   </div>
   <div class='ocr_carea' id='block_1_7' title="bbox 0 0 1484 4850">
    <p class='ocr_par' dir='ltr' id='par_1_7' title="bbox 0 0 1484 4850">
     <span class='ocr_line' id='line_1_39' title="bbox 0 0 1484 4850; baseline 0 1"><span class='ocrx_word' id='word_1_327' title='bbox 0 0 1484 4850; x_wconf 95' lang='lat' dir='ltr'><strong> </strong></span> 
     </span>
    </p>
   </div>
  </div>
 </body>
</html>
