2959 4850
257 307 329 356 xm
687 293 918 368 C.B.HASII

259 455 372 534 ditum,
393 456 581 518 coueemavit
602 453 691 518 nobie
708 475 787 516 unua
806 452 928 515 omniuo
949 453 1050 516 codex
1068 451 1269 515 Bibliothecae
1281 453 1343 514 Re·

257 561 335 638 gire,
358 561 488 640 signatur
507 544 592 640 priua
610 559 665 620 No.
687 561 780 626 2561.
802 578 886 618 nuuc
899 550 997 626 '1712
1015 557 1087 618 elim
1107 557 1140 617 in
1159 555 1343 638 supellectile

256 663 401 724 litteraria
412 661 570 744 Rapbailie
584 659 715 722 Tricheti
728 661 771 722 dn
783 661 908 721 Freeue:
929 661 981 740 qui
993 661 1135 721 causidici
1148 658 1344 739 Burdigalen-

257 765 299 824 eie
311 764 400 844 iilius,
425 785 495 825 oum
507 781 612 843 magno
629 761 790 824 duceretur
808 763 953 825 librorum
966 763 1215 844 acquirendorum
1232 761 1343 840 etudio,

255 866 415 948 Hispanias
437 867 611 945 Italiamque
631 865 721 925 aemal
750 875 780 924 et
802 866 918 947 eaepiua
938 877 1079 946 regnante
1095 866 1249 928 Lndovice
1263 863 1365 926 xut-

257 969 337 1048 Rege
360 967 607 1031 Chrietiauireirno
626 967 670 1030 eic
693 967 823 1047 obierat,
842 978 892 1046 ut,
912 967 1054 1049 iuepectie
1064 970 1174 1050 paaeiur
1187 966 1345 1028 homiuum

256 1069 467 1132 hiatorieorum
491 1069 637 1148 librariie,
665 1070 821 1151 propriam
843 1070 1053 1132 bibliothecam
1070 1072 1255 1153 locupletare
1272 1068 1344 1130 inde

259 1183 426 1236 mumma.
466 1172 496 1234 Ie
510 1195 548 1234 ex
561 1172 646 1234 Italia
658 1172 740 1233 hunc
757 1171 894 1236 codicem
902 1173 941 1233 iu
953 1175 1080 1235 Galliam
1094 1173 1280 1256 deportavit,
1300 1180 1346 1232 te-

257 1285 355 1337 etaute
368 1275 541 1338 Combefieio
558 1275 670 1356 Origiu.
684 1276 771 1356 Cpol.
786 1277 858 1343 265:
872 1277 906 1339 Β.
942 1277 1066 1355 Deinde,
1084 1299 1154 1339 cum
1167 1276 1231 1336 rita
1245 1291 1348 1334 excer-

255 1377 340 1440 eiaeet
360 1379 531 1456 Tricbetue,
551 1379 575 1442 1.
594 1379 627 1441 B.
642 1377 812 1457 Colbertua,
834 1377 989 1440 Ludovico
1005 1380 1084 1442 XIV.
1104 1381 1211 1462 Magno
1235 1377 1273 1439 ab
1293 1377 1345 1437 iu·

256 1481 338 1542 timia
357 1481 491 1542 coneiliie
511 1490 541 1542 et
558 1479 702 1562 generalia
723 1473 829 1540 aerarii
851 1479 1035 1560 moderator,
1065 1482 1150 1542 cuiue
1169 1479 1346 1558 immortalia

256 1581 335 1643 vivit
356 1585 497 1666 vivetque
521 1584 559 1645 ob
581 1580 724 1646 beneficia
740 1583 772 1642 iu
785 1583 911 1651 Galliam
923 1585 1032 1645 collata
1044 1585 1202 1662 memoria,
1223 1581 1297 1644 emit
1308 1580 1347 1640 de
1432 1619 1440 1630 -

256 1683 348 1745 vidua
360 1685 394 1747 in
405 1685 675 1768 bibliothecamque
682 1686 800 1766 Regiam
809 1686 913 1747 intulit
926 1706 1013 1748 omne
1024 1687 1157 1748 Tricbeti
1166 1684 1348 1747 litterarium

256 1783 495 1850 instrumentum.
529 1789 565 1851 In
579 1811 638 1871 quo
652 1799 738 1852 eraut
754 1789 827 1851 libri
840 1789 975 1871 impreeai
987 1810 1112 1850 numero
1125 1787 1257 1871 plurimi,
1279 1807 1348 1846 mee·

258 1883 358 1946 Latini
378 1897 409 1950 et
421 1889 519 1950 Italici
531 1891 600 1973 plue
612 1894 711 1954 minue
729 1893 762 1953 G.
777 1892 883 1954 Graeci
897 1893 959 1953 xi.
1000 1891 1104 1972 Itaque
1115 1891 1148 1950 iu
1162 1887 1349 1951 bibliotheca

160 1993 194 2050 P.
209 1995 244 2049 xl
259 1987 381 2068 publica
409 1992 537 2054 collatur
557 1995 660 2057 Codex
680 2007 799 2075 uerter,
827 1993 1000 2074 Ducangio,
1018 1994 1185 2070 Bandinio,
1213 1993 1349 2072 reliquie,

259 2109 336 2170 quoa
348 2091 432 2154 initio
445 2097 605 2172 nominavi,
624 2099 767 2163 innotuit
802 2099 925 2158 Constat
936 2117 1008 2158 vero
1023 2096 1105 2157 ieliia
1119 2094 1351 2157 membranaceia

258 2191 340 2271 422,
361 2193 525 2258 chartaceis
546 2209 631 2279 octo,
661 2201 818 2261 continear
839 2208 959 2282 praeter
981 2199 1039 2259 alia
1056 2198 1182 2260 minorie
1207 2197 1352 2259 momenti

257 2291 331 2374 (vid.
340 2295 430 2356 Catel.
441 2299 535 2361 Godd.
549 2321 618 2362 mae.
631 2301 838 2363 Graecc.Bib1.
847 2301 959 2379 Rngi.
974 2298 1186 2381 391.1›.)illa:
1200 2297 1242 2380 1.)
1257 2299 1351 2361 chro-

257 2394 349 2456 nicon
374 2397 517 2461 Simeonis
537 2401 716 2482 Logotbetae
739 2402 868 2462 maxima
893 2409 979 2481 parte
1000 2400 1159 2480 ineditum,
1187 2424 1204 2461 a
1230 2402 1284 2464 fot
1309 2406 1352 2471 18

257 2516 342 2556 verro
365 2498 403 2572 ad
423 2500 478 2562 fol.
498 2508 562 2569 272
583 2513 716 2579 rectum,
744 2502 788 2584 2)
810 2504 917 2564 beonia
935 2502 1060 2563 Diaconi
1073 2504 1252 2582 flietoriam,
1275 2524 1350 2585 quae

257 2616 339 2658 nunc
351 2598 470 2678 prodit,
491 2604 572 2665 aial.
587 2610 650 2672 272
662 2616 740 2666 recto
755 2607 794 2667 ad
810 2604 875 2673 822
888 2616 1002 2664 rectum
1005 2627 1018 2681 ,·
1038 2602 1083 2686 3.)
1095 2606 1250 2668 Michaelis
1262 2606 1351 2669 Peelli

259 2696 531 2783 Chronogrupbiaru
553 2708 644 2769 tomis
667 2727 791 2786 novem,
811 2707 883 2768 item
905 2707 1063 2787 ineditam,
1085 2710 1170 2772 afol.
1185 2714 1248 2778 822
1270 2721 1349 2770 recto

258 2800 297 2859 td
312 2800 375 2869 422
386 2814 506 2867 rodurn.
547 2808 708 2871 Exaraterm
729 2830 791 2871 eree
811 2810 837 2870 ei
852 2808 949 2870 minue
961 2830 1005 2871 11.
1019 2818 1050 2870 at
1072 2820 1224 2873 certem.
1242 2832 1349 2873 eaecu·
1454 2874 1465 2885 ,

258 2902 290 2963 lo
303 2904 400 2975 forma
422 2904 589 2969 litterarum
614 2910 814 2991 demonstrat,
833 2909 914 2973 haud
936 2912 1136 2973 ebaiuuliailli
1155 2934 1244 2993 quam
1259 2914 1349 2975 blon-

257 3005 435 3067 teielconiue
455 3010 582 3089 protulit
599 3011 749 3094 Palaeogr.
765 3014 869 3076 Graec·
884 3020 957 3083 291·
978 3015 1034 3076 No.
1049 3013 1115 3076 vn.
1137 3014 1279 3095 utigitur
1291 3034 1349 3075 ne·

258 3108 351 3168 eciam
365 3109 438 3188 quid
452 3110 485 3169 in
492 3122 621 3173 mentem
633 3116 750 3179 venerit
763 3118 981 3179 confectoribue
995 3116 1127 3197 catalogi
1138 3118 1214 3182 Bibl.
1229 3120 1300 3199 Reg.
1308 3118 1349 3179 11.

257 3214 330 3277 891.
345 3211 377 3270 G.
396 3210 503 3289 dicere,
527 3231 592 3276 eum
608 3218 725 3280 eaeculo
739 3219 854 3282 decium
870 3220 976 3301 quinto
988 3218 1085 3280 videri
1104 3220 1267 3302 ecriptum:
1287 3220 1347 3281 uiri

258 3310 292 3371 id
313 3312 350 3371 de
369 3312 407 3373 iia
427 3315 576 3377 duntaxat
595 3318 760 3401 intelligar,
782 3323 905 3403 quaein
927 3333 996 3384 octo
1017 3321 1100 3382 foliis
1121 3320 1284 3383 chartaceis
1308 3322 1347 3382 ad

258 3413 370 3475 calcem
385 3424 511 3477 exuent.
553 3419 622 3501 lpee
638 3420 757 3500 Codex,
777 3425 896 3485 tametsi
907 3446 969 3487 non
988 3423 1062 3485 adeo
1077 3424 1180 3485 multia
1198 3424 1348 3505 profunde

141 3580 143 3589 ,
257 3516 418 3578 latentibna
437 3517 552 3581 me'udie
566 3533 673 3602 ecetet,
694 3522 785 3586 hebet
797 3536 898 3589 tamen
912 3528 1065 3588 iteciamoe
1079 3536 1141 3603 tot,
1164 3535 1239 3606 quot
1256 3526 1290 3585 in
1305 3524 1348 3586 li-

256 3615 319 3679 brie
334 3640 410 3681 eaee.
421 3640 477 3685 111.
492 3625 636 3703 peraratie
649 3646 713 3688 eeee
727 3629 836 3707 eolent,
856 3639 892 3691 ut
905 3630 1073 3693 videli‘eete
1088 3636 1119 3690 et
1130 3652 1177 3707 αι,
1198 3652 1220 3709 η
1235 3638 1289 3691 ret
1305 3652 1346 3706 ει,

258 3726 322 3781 eet
335 3742 376 3799 n,
397 3744 427 3785 er
442 3732 518 3803 eto,
537 3727 655 3808 aaepina
670 3730 795 3793 interae
812 3732 1050 3807 confundantur,
1070 3752 1169 3813 neque
1183 3730 1227 3791 ita
1247 3751 1349 3792 rarum
1477 3751 1478 3756 ¹

256 3818 316 3895 tit,
337 3820 382 3897 εἰς
403 3818 461 3904 τήν
480 3826 532 3889 iol.
550 3831 613 3899 315
636 3843 714 3892 recto
740 3831 806 3914 (ed.
825 3834 878 3901 95.
896 3830 947 3915 G.)
975 3834 1120 3914 ecriptum
1141 3832 1276 3915 conepici
1293 3832 1347 3910 aic,

256 3912 346 4001 η’ςήν.
389 3924 543 3991 Eiurmodi
565 3932 672 3992 menda
696 3934 800 3996 notavi
818 3934 990 4003 interdum:¹
1009 3936 1205 4017 plerumque,
1226 3934 1348 4017 quaudo

257 4020 333 4083 mliii
347 4022 510 4108 habebant,
531 4034 611 4112 quod
626 4034 716 4097 fidem
733 4047 870 4119 receptae
882 4036 1021 4099 lectionie
1038 4037 1216 4098 labefactare
1234 4045 1347 4118 postet,

258 4124 354 4187 onaiei.
395 4126 432 4189 In
450 4150 565 4193 aumma
582 4136 695 4215 fateor,
715 4160 779 4201 non
800 4140 943 4201 maiorem
961 4158 1010 4221 ipe
1020 4138 1154 4201 laborem
1173 4138 1347 4221 euacepiaoe,

257 4246 346 4307 quam
357 4248 407 4291 eoa
422 4233 569 4299 euetinere
582 4256 701 4301 neceeae
714 4250 775 4320 eat,
796 4240 850 4322 qui
864 4240 973 4304 Codice
993 4262 1032 4303 ex
1052 4242 1144 4305 unico
1160 4241 1293 4326 pendent
1314 4240 1347 4301 iu
