2959 4850
241 278 303 345 DE
324 276 477 346 EXPED.
497 272 586 345 SYR
607 274 692 343 NIC.
711 274 840 342 PHOC.
859 273 920 341 ΕΤ
940 274 1000 343 10.
1019 275 1139 343 ΤΖΙΜ.
1182 267 1259 341 893

164 434 215 518 lis)
223 484 233 515 ,
253 434 442 499 seribendiun
456 452 518 493 esse
533 432 571 493 ad
583 432 796 514 imperatorias
804 440 836 493 et
854 434 961 494 duoem
974 435 1145 515 copiarum,
1167 442 1202 494 nt
1216 434 1261 513 hi,

166 539 203 599 de
220 558 254 599 re
270 539 409 599 certiores
423 536 508 613 fecti,
529 536 617 597 rebus
634 535 696 595 suis
711 538 911 598 consulerent.
952 538 1006 597 Sin
1021 547 1118 597 autem
1133 538 1259 618 expedi-

164 638 277 700 tionem
292 638 446 699 interram
461 637 776 701 llluhammedenorum
789 627 941 721 suscipere
949 639 983 699 in
1004 640 1102 699 animo
1116 640 1261 702 haberent

164 741 327 823 imperator
343 750 372 801 et
390 742 452 803 dux
471 741 625 823 copiarum
640 744 859 821 Romanorum,
882 742 999 803 obviam
1018 743 1148 805 eundum
1168 764 1260 804 esses

163 843 314 923 Baodjuro
326 842 466 923 usquead
480 844 590 922 lecum,
600 847 653 907 ubi
664 846 844 927 imperatum
858 846 887 907 ei
900 846 1022 924 fuisset,
1037 845 1263 927 atqueBacdju·

162 964 199 1005 ro
220 945 386 1006 Romanum
409 966 465 1026 per
485 946 629 1008 ditionem
647 948 731 1028 pacis
747 948 916 1020 comitante,
939 970 1000 1009 non
1015 946 1185 1026 fugiendam
1199 963 1263 1006 esse

152 1046 201 1107 'ab
217 1047 326 1107 incolis
342 1048 497 1127 vicorum,
522 1050 564 1108 ita
580 1058 615 1109 ut
636 1060 747 1110 emeret
768 1051 916 1111 exereitus
931 1052 1082 1111 Romanus
1107 1070 1165 1130 qao
1187 1068 1262 1130 opus

164 1148 192 1211 ei
204 1160 293 1227 esset,
314 1159 433 1231 praeter
446 1160 656 1231 atramentum,
678 1154 759 1235 quod
783 1174 839 1237 pro
855 1174 937 1215 more
949 1154 1056 1214 bellico
1078 1151 1162 1212 nulla
1175 1152 1262 1211 solu-

163 1250 245 1311 tione
258 1252 335 1311 foeta
350 1252 599 1334 suppeditandum
621 1266 715 1333 esset,
739 1276 757 1315 s
777 1255 853 1316 duce
868 1254 1183 1315 Muhammedanorum
1206 1274 1262 1313 us-

164 1374 222 1435 que
237 1354 275 1413 ad
290 1354 364 1415 fines
379 1355 498 1417 obviam
511 1376 573 1417 esse
592 1359 726 1419 eundum
740 1358 834 1441 copiis
847 1360 1006 1437 Romanis,
1026 1367 1062 1419 ut
1082 1357 1123 1417 eis
1143 1364 1262 1437 praesto

164 1465 255 1523 essets
277 1476 353 1537 quas
367 1476 461 1537 quum
475 1467 560 1517 extra
581 1459 655 1519 fines
670 1480 803 1539 egressae
824 1470 935 1537 essent,
954 1458 1073 1519 licitum
1086 1480 1148 1519 esse
1158 1458 1261 1519 Emiro

163 1556 197 1617 ia
213 1556 354 1618 ditionem
370 1580 454 1619 suam
467 1562 585 1621 reverti.
622 1561 653 1619 Si
670 1561 890 1643 expeditionem
905 1562 1037 1620 facerent
1048 1561 1174 1621 Romani
1186 1580 1263 1619 con·

162 1669 212 1721 tra
230 1670 338 1721 sectam
358 1662 395 1721 ab
417 1662 525 1723 lslamo
553 1662 715 1745 diversam,
747 1663 986 1743 coniungendum
1013 1683 1074 1725 esse
1097 1664 1262 1723 exercitum

138 1843 145 1852 Ι
163 1760 257 1823 Emiri
271 1785 339 1825 cum
353 1766 487 1847 Romano
502 1774 531 1827 et
547 1767 723 1829 consociatis
740 1768 830 1829 armis
844 1764 1057 1842 dimicandum,
1079 1775 1148 1827 utut
1164 1766 1262 1826 iussus

165 1865 257 1925 luerit
278 1866 404 1931 Eariras.
455 1868 488 1929 Si
515 1869 613 1949 quivis
635 1888 674 1929 ex
695 1868 848 1931 Muslemis
868 1869 1042 1948 religionem
1064 1867 1263 1929 Christianam

166 1970 319 2049 amplexus
332 1971 450 2048 fnisset,
470 1971 515 2031 nil
529 1981 633 2031 eontrn
647 1992 714 2031 eum
728 1972 904 2053 permissum
917 1970 1145 2047 essollmlemis,
1164 1990 1262 2050 neque

166 2054 340 2131 Cisriatianis
357 2074 535 2154 permissum
549 2095 612 2134 esse
624 2074 698 2155 quid
707 2082 823 2134 'contra
838 2070 1001 2153 quemlibet
1016 2071 1262 2150 Christianorum,

166 2171 264 2252 quiin
279 2175 480 2235 Muslemioam
492 2177 643 2238 transierit
655 2188 776 2240 sectam.
819 2174 849 2235 si
868 2194 987 2251 servus,
1010 2171 1197 2234 Christianus
1210 2195 1263 2235 seu

165 2272 371 2355 Muslemicus,
393 2278 443 2340 vir
462 2278 525 2340 sive
542 2281 688 2358 foemina,
712 2280 746 2340 in
763 2299 826 2340 eam
847 2298 935 2359 quam
954 2275 1144 2338 definivimus
1163 2278 1263 2357 regio-

165 2396 234 2438 nem
253 2399 292 2440 ax
304 2380 361 2441 alia
377 2382 556 2464 sategisset,
577 2380 658 2444 haud
673 2382 832 2444 celandum
846 2402 908 2444 esse
924 2380 1119 2459 aMuslenris,
1139 2381 1191 2442 sd
1211 2380 1265 2440 in-

166 2480 343 2560 dicendum
364 2493 431 2544 tum
456 2486 634 2547 solvendum
650 2505 711 2546 essa
725 2506 744 2544 a
765 2485 887 2545 domino
905 2484 1034 2565 pretium
1057 2488 1100 2550 86
1122 2484 1265 2545 denario·
1363 2505 1370 2512 ·

165 2603 235 2644 rum
249 2606 306 2668 pro
323 2606 373 2664 eo,
395 2588 421 2646 si
433 2587 484 2648 vir
497 2597 585 2668 esset,
607 2609 663 2671 pro
678 2589 805 2649 foemina
816 2593 859 2655 20
875 2587 1012 2648 denarios
1027 2589 1187 2663 Romanos,
1204 2606 1263 2668 pro

165 2707 259 2768 puero
281 2687 347 2750 sive
368 2675 468 2770 puella
494 2695 550 2769 163
573 2693 619 2752 sin
640 2701 739 2752 autem
762 2712 824 2751 non
845 2689 1011 2772 possideret
1025 2684 1189 2773 (dominus)
1205 2708 1264 2770 quo

167 2785 294 2852 solveret
306 2791 435 2875 pretium
448 2793 648 2872 liberationis,
670 2816 687 2854 s
700 2794 822 2855 domino
835 2792 996 2854 solvendos
1007 2813 1070 2852 esse
1094 2802 1156 2852 tres
1169 2791 1265 2850 dena·

165 2893 244 2967 rios,
267 2894 374 2974 quibus
390 2895 427 2954 ab
440 2895 541 2956 Emiro
565 2897 712 2978 acceptis,
733 2895 955 2958 restituendum
977 2915 1040 2955 esse
1060 2915 1189 2957 servum.
1230 2893 1263 2952 Si

164 2996 334 3077 baptizatus
347 3005 440 3074 esset,
462 2997 514 3077 qui
530 2999 708 3078 aufugisset,
729 2998 814 3058 haud
825 2998 916 3059 licere
926 2997 1078 3058 Muslemis
1100 3016 1168 3056 eum
1185 2995 1262 3056 reti·

165 3121 247 3178 nare,
261 3100 314 3161 sed
326 3098 518 3180 pendendum
531 3121 595 3160 esse
608 3099 711 3161 Emiro
727 3123 743 3162 a
757 3099 888 3178 domino,
902 3101 984 3181 qaod
998 3099 1146 3159 sancitum
1162 3097 1262 3175 fuerit,

167 3222 226 3285 quo
238 3203 335 3280 fecto,
356 3202 575 3263 restituendum
591 3223 653 3262 esse
664 3223 796 3267 servum.
825 3202 857 3264 si
872 3202 995 3284 quidex
1008 3202 1122 3264 ditione
1130 3201 1264 3264 Romana

146 3289 216 3366 'lar
228 3302 378 3386 rapuisset
390 3314 421 3365 et
433 3307 504 3384 luga
527 3326 558 3364 se
573 3305 789 3383 subtraxisset,
815 3306 996 3368 mittendum
1017 3324 1081 3366 esse
1101 3303 1138 3362 ab
1161 3301 1263 3362 Emiro

167 3407 206 3467 ad
217 3408 326 3468 ducem
336 3407 484 3468 exereitus
496 3407 633 3480 Romani,
655 3416 691 3468 ut
702 3428 812 3488 poenas
826 3409 933 3473 lueret
962 3409 996 3468 Si
1006 3411 1157 3468 Romanus
1169 3402 1265 3484 regio.

166 3531 220 3570 nes
235 3509 421 3572 Uuslsmieas
433 3509 585 3586 visitaret,
606 3508 689 3569 lrsud
704 3509 927 3590 impediendum
942 3529 1037 3570 asses
1055 3507 1176 3587 negotio
1200 3526 1264 3568 suo.

167 3613 200 3671 si
218 3613 388 3692 speculator
403 3633 440 3671 ex
457 3611 570 3672 ditione
582 3611 755 3672 Muslemica
766 3613 929 3674 Romanam
949 3611 1063 3671 intrare
1083 3609 1190 3685 vellet,
1212 3629 1265 3668 ar-

166 3713 337 3795 ripiendum
357 3733 419 3774 esse
443 3722 474 3776 et
490 3713 523 3773 in
542 3713 663 3774 vincula
688 3700 917 3774 coniieiendum'.
958 3711 1045 3772 Haud
1071 3710 1265 3772 excidendam

167 3834 231 3877 esse
244 3815 417 3877 alliuslenais
433 3836 543 3893 arcem,
564 3834 621 3877 nec
631 3815 978 3892 novamentruendam3
1001 3813 1196 3895 quatientem
1209 3834 1265 3873 ex-

168 3919 263 3980 ciaam
276 3919 397 3995 luisset,
418 3919 645 3980 restaurandum
659 3939 743 3982 osse..
773 3918 897 3980 Nullum
911 3917 1047 3980 limitum
1059 3915 1267 3978 Mualemicum

168 4043 224 4083 nee
245 4021 450 4104 recipiendum
471 4041 536 4081 esse
563 4021 750 4082 alluslemis
764 4039 862 4100 nequo
879 4018 917 4079 ab
937 4020 1001 4080 ullo
1024 4038 1129 4081 eorum
1149 4027 1268 4102 praeter

166 4125 348 4208 Beedjauum
359 4121 570 4206 etll'arglrujsh
582 4121 691 4183 litteris
713 4142 775 4184 esse
791 4121 971 4184 adeundam.
1013 4119 1069 4182 His
1083 4117 1268 4220 (Ksr'glrujalr

68 4223 72 4233 '
167 4239 197 4288 et
222 4222 384 4312 Bacdjuro)
407 4214 533 4287 mortuis
553 4221 638 4286 haud
660 4209 752 4288 liceis
773 4208 925 4286 illuslemi's
944 4221 1082 4286 Emirum
1108 4204 1294 4302 eregione'

166 4331 335 4393 Muslsmics
352 4347 498 4393 aroesure
527 4337 625 4411 neque
647 4329 684 4389 ab
705 4324 798 4409 (aliis)
818 4325 970 4392 liudonis
992 4325 1137 4388 auxilium
1155 4333 1266 4407 petere,
