2959 4850
234 265 309 345 ese
537 276 800 350 inmensum
819 278 1014 349 musmo
1079 256 1083 265 “

207 440 305 503 cdico
324 438 399 501 milii
405 484 415 519 ,
429 438 461 501 id
473 449 518 501 est
530 437 713 520 Lnitprsndo
725 436 890 521 Episcopo,
909 440 963 501 sed
976 439 1173 520 bulgarorum
1193 436 1324 501 nuncius

232 552 335 605 vestm
356 540 551 625 praeponitur
566 542 686 603 nuncio.
728 541 788 601 Sed
804 541 915 602 lenivit
925 542 1058 603 dolorem
1071 562 1171 602 mcum
1186 540 1323 621 lmpers·

234 654 284 705 tor
301 646 427 705 Sanctus
446 664 569 705 munere
587 664 709 723 magno,
729 643 851 705 mittens
867 642 942 705 mibi
958 664 997 705 ex
1013 641 1230 705 delicatissimis
1246 640 1321 701 cibis

232 748 314 824 suis,
345 745 475 807 hoedum
494 746 650 829 pinguem,
680 766 719 808 ax
743 768 803 827 quo
826 746 892 827 ipss
913 747 1096 823 comederet,
1125 744 1213 821 allio,
1239 762 1322 823 ceps,

231 848 332 931 ponis
354 848 434 909 lente
456 848 695 927 suffarcinatum,
715 870 787 929 garo
807 848 988 925 delibutum,
1010 867 1099 928 qnsm
1117 857 1233 907 vestm
1247 854 1322 909 usuc

231 970 349 1011 mensae
368 952 462 1011 inesse
484 950 603 1033 optavi,
624 962 660 1011 ut
679 952 731 1032 qui
748 951 869 1013 delicias
888 950 990 1011 Sancti
1003 948 1192 1030 Imperatoris
1208 946 1321 1007 frustm

232 1073 297 1113 esse
319 1072 382 1113 non
406 1052 544 1130 creditis,
565 1054 667 1115 saltem
688 1052 736 1113 his
758 1054 922 1135 perspectis
943 1052 1110 1115 crederetis.
1152 1046 1323 1109 Transactis

100 1226 106 1241 ἱ
232 1176 304 1234 ergo
321 1164 390 1215 octo
403 1154 507 1215 diebus
513 1202 524 1235 ,
547 1176 615 1217 cnm
628 1156 749 1234 Rulgsri
762 1156 822 1215 ism
835 1156 984 1231 abessent,
1004 1164 1113 1235 putans
1124 1172 1173 1213 me
1187 1168 1322 1211 mensem

230 1257 427 1337 megiuisccre
443 1278 543 1336 suem,
566 1258 599 1319 in
615 1260 717 1320 eodem
733 1260 802 1319 loco
818 1280 867 1320 rna
880 1259 951 1319 setis
967 1266 1118 1336 aegrotum
1130 1273 1231 1315 secum
1245 1272 1322 1312 con·

229 1358 332 1419 vivere
353 1356 460 1437 coligit.
488 1359 583 1421 Affuit
599 1380 665 1421 cnm
677 1362 816 1441 pluribus
828 1360 984 1441 Episcopis
1001 1371 1032 1421 et
1046 1355 1230 1421 Potrisrchas
1250 1352 1322 1434 qui-

230 1458 285 1519 bus
309 1458 532 1539 praesentibus,
559 1462 659 1543 plures
685 1464 760 1525 mihi
788 1464 972 1545 qusestioncs
991 1463 1030 1523 de
1050 1459 1207 1540 scripturis
1230 1456 1323 1515 sacris

202 1566 228 1622 l)
234 1566 408 1646 proposuit,
436 1584 507 1644 quas
532 1584 600 1625 oum
620 1566 734 1645 Spiritu
746 1570 855 1627 Sancto
879 1566 1000 1627 elssnnte
1020 1564 1167 1642 eleganter
1185 1555 1322 1639 exposui,

230 1665 392 1725 novissime
409 1676 507 1731 nutem
525 1676 561 1727 ut
581 1666 618 1727 ds
632 1668 716 1729 vobis
729 1668 836 1729 ludum
853 1667 982 1744 baberet,
996 1687 1068 1745 quas
1078 1663 1214 1745 synodos
1226 1661 1322 1721 bebe-

230 1786 341 1843 remus,
355 1768 481 1847 rogavit.
509 1769 563 1829 Cui
577 1770 833 1849 annuissem,
847 1770 1124 1845 chalcedonensem,
1132 1764 1320 1847 Ephesinam,

231 1869 456 1944 Antiochenam,
471 1870 739 1950 Carthaginensem,
753 1872 952 1954 Ancyrsnsm,
964 1868 1321 1950 Constsntinopolitsnsm

231 1973 395 2049 edicerem,
407 1973 453 2033 Ha
464 1973 503 2037 be
516 1974 564 2052 he,
578 1975 629 2053 eit,
641 1974 818 2039 Saxonicum
831 1977 931 2037 dicere
945 1994 975 2037 es
989 1973 1117 2033 oblitus:
1130 1970 1257 2051 quamsi
1270 1989 1323 2029 ro·

228 2094 290 2153 gns,
307 2096 362 2135 cur
374 2077 473 2136 nostri
485 2077 603 2147 codices
612 2098 675 2139 non
681 2077 801 2156 habent,
816 2079 924 2139 rudem
939 2096 1011 2153 esse,
1026 2085 1056 2137 et
1072 2074 1111 2135 sd
1120 2094 1176 2134 nos
1184 2070 1322 2133 necdum

228 2177 331 2237 venire
344 2198 430 2257 posse
442 2181 618 2261 respondeo.
650 2180 704 2239 Cui
721 2180 860 2260 inquam:
878 2181 913 2243 in
934 2199 995 2258 qno
1009 2176 1142 2237 membro
1152 2182 1258 2254 regnat
1269 2172 1323 2233 in·
1346 2226 1352 2233 .

227 2278 363 2356 firmitas,
376 2280 455 2341 illud
464 2292 508 2343 est
516 2283 646 2345 cauterio
656 2283 858 2345 exurendum:
870 2282 1005 2344 haereses
1013 2299 1115 2341 omnes
1124 2278 1234 2339 avobis
1244 2296 1322 2338 oms·

227 2393 356 2461 norunt,
376 2405 467 2466 penos
482 2405 537 2447 vos
550 2386 724 2466 viguerunt:
747 2407 765 2447 s
782 2386 887 2465 nobis,
908 2384 942 2446 id
959 2392 1005 2447 est
1016 2380 1258 2444 occidentalibus
1268 2375 1321 2466 bis

228 2489 464 2567 suntiugulotae,
479 2488 530 2549 hic
544 2499 615 2550 sunt
628 2489 750 2554 occisae.
778 2490 951 2567 Romanam,
964 2489 1027 2548 sivo
1038 2486 1212 2567 Pspiensem
1220 2486 1321 2564 Syno-

229 2591 319 2670 dum,
342 2611 520 2673 quemquem
536 2602 634 2654 essent
650 2611 754 2673 ineps,
774 2591 822 2654 liis
837 2613 900 2654 non
911 2607 1169 2652 connumeramus.
1208 2586 1321 2646 Roma·

198 2693 286 2756 Enus
298 2695 376 2758 enim
389 2695 537 2772 Clericus,
560 2695 750 2776 postmodum
765 2694 941 2756 universalis
958 2695 1039 2775 Pipa
1050 2689 1228 2772 Gregorius,
1250 2686 1321 2769 qnia

229 2816 247 2855 ι
267 2797 353 2858 vobis
374 2797 540 2878 appellatus
560 2807 606 2858 est
627 2797 782 2877 Dialogus,
809 2795 992 2877 Entyebinm
1014 2792 1321 2874 Constantinopolita-

228 2921 302 2962 num
314 2899 515 2962 Potrierchsm
531 2898 713 2962 haereticum
724 2900 762 2960 sb
775 2900 921 2962 eiusmodi
933 2900 1047 2962 haeresi
1059 2897 1207 2960 liberavit.
1247 2893 1321 2956 nie-

228 3002 282 3062 bet
294 3003 373 3064 idem
392 3003 574 3084 Entyobius,
593 3024 651 3064 nec
668 3003 767 3065 solum
785 3003 898 3078 siebat,
919 3004 1076 3068 sedetiam
1093 2999 1231 3077 docebat,
1254 2998 1320 3057 ola-

229 3105 345 3181 msbat,
367 3105 567 3186 scriptitabat,
589 3127 644 3166 nos
663 3107 697 3166 in
712 3108 931 3167 resurrections
944 3127 1007 3167 non
1023 3124 1124 3167 varam
1133 3149 1142 3181 ,
1165 3122 1251 3183 quem
1266 3098 1320 3159 bio

229 3205 388 3283 habemns,
409 3208 460 3267 sed
475 3207 691 3287 phantssticam
709 3208 867 3286 quamdam
886 3228 1004 3273 carnem
1022 3216 1240 3288 assumpturos:
1261 3221 1320 3262 cu-

229 3309 277 3368 ins
298 3308 407 3368 erroris
420 3309 495 3370 liber
510 3331 526 3368 n
540 3309 683 3386 Gregorio
700 3310 868 3373 orthodoxe
886 3324 931 3372 est
944 3311 1124 3372 combustus.
1165 3305 1224 3366 Sed
1236 3305 1320 3369 nvo·

230 3412 316 3490 dius,
339 3411 489 3494 Pupiensis
508 3409 689 3492 Episcopus,
717 3424 842 3493 propter
864 3414 953 3476 sliam
980 3413 1138 3493 quemdem
1164 3407 1321 3486 baeresim,

123 3512 180 3573 col.
196 3516 215 3571 2
231 3514 302 3594 buc,
324 3514 416 3576 idest
433 3514 730 3596 Constantinopolim,
751 3517 915 3576 nllomsno
926 3526 971 3577 est
984 3514 1157 3579 Pati-isrcbs
1173 3513 1321 3590 directus,

229 3638 319 3700 quam
343 3639 558 3700 compressam,
579 3619 614 3678 in
636 3617 818 3680 Catholicsm
839 3627 927 3699 etque
949 3619 1158 3680 Ortbodoxsm
1172 3617 1321 3678 reforma·

229 3721 284 3782 vit.
325 3721 477 3784 Saxonum
495 3742 603 3801 genus,
625 3741 664 3782 ex
679 3741 738 3802 qno
754 3694 1083 3783 sincmmlmvsorum
1106 3731 1137 3781 et
1159 3717 1214 3783 un·
1232 3735 1335 3778 soce-⁸

228 3821 276 3902 pit
288 3823 440 3901 notitiem,
462 3825 546 3886 nulla
561 3833 605 3885 est
622 3822 736 3886 merci
750 3825 949 3902 maculatum,
969 3833 1005 3884 nt
1017 3823 1061 3884 ibi
1075 3821 1214 3903 Synodus
1225 3819 1320 3894 lieret,

232 3943 291 4003 qun
313 3943 459 4004 emonem,
485 3947 553 3988 cuni
569 3928 673 3988 nullm
697 3936 786 4004 emet,
809 3926 979 4007 corrigeret
1020 3925 1137 3987 liudem
1159 3923 1228 4003 quis
1245 3920 1320 3982 diois

230 4025 397 4088 saxonibus
424 4049 486 4090 esse
507 4029 612 4107 fidem,
641 4030 794 4111 idipsum
814 4038 845 4090 ct
861 4049 915 4108 ego
939 4028 1069 4090 offirmo:
1104 4046 1221 4108 semper
1241 4023 1322 4084 enim

231 4130 312 4212 apud
332 4149 381 4190 eos
399 4129 509 4192 Christi
529 4132 602 4193 fides
617 4132 702 4192 rudis
718 4141 778 4210 est,
799 4142 830 4193 et
846 4153 910 4194 non
928 4141 1030 4211 vetus,
1057 4132 1110 4192 nbi
1126 4130 1217 4191 fidem
1232 4145 1322 4209 opera

231 4243 408 4314 sequnntur.
450 4233 509 4296 llio
525 4233 599 4298 fides
613 4255 676 4297 non
688 4235 789 4315 rudis,
809 4235 864 4300 ssd
876 4245 965 4299 retus
977 4243 1041 4315 ost,
1059 4233 1115 4297 ubi
1128 4232 1218 4294 iidem
1231 4247 1321 4312 opem
