2959 4850
212 309 296 421 ,mc
525 312 791 387 nummum
808 314 1030 389 menno.

218 489 305 559 rent,
333 478 504 559 mvigsntes
529 476 644 539 docimo
666 478 770 559 quinto
796 476 837 538 ed
857 476 1005 559 Coriphno
1020 476 1223 561 pervenimus,
1249 476 1306 538 uui

218 594 289 647 onte
304 564 391 645 nouis
410 579 607 662 egressionem
629 581 762 643 occurrit
776 579 863 641 nobis
878 588 1021 659 strategos
1041 580 1164 659 quidem
1176 577 1307 640 Michecl

218 685 356 761 nomine,
378 682 571 749 Chersionitie
586 705 604 743 r
617 684 684 744 loco
701 682 818 743 scilicet
832 680 1000 742 Chersome
1022 679 1114 741 homo
1130 680 1196 762 ipso
1210 700 1305 741 cunm

215 787 330 869 cupite,
351 763 425 848 iccio
437 786 556 863 hilaris,
576 806 711 847 sermone
722 786 837 862 bonus,
856 784 921 845 risu
934 804 1049 865 occuper
1059 782 1221 859 iucundus,
1240 782 1304 859 sed,

211 890 253 949 'ut
264 896 333 970 post
344 888 457 970 potuit,
482 900 581 951 monte
600 889 751 952 diaboluse
772 886 854 967 qnod
868 897 900 947 et
911 888 991 947 Deus
1005 886 1115 969 opertis
1129 882 1204 945 mihi
1213 903 1305 945 mon·

216 992 324 1055 ruent
342 990 478 1066 indiciis,
500 992 606 1053 simeo
624 1002 699 1053 tuno
712 1008 796 1050 mens
810 988 871 1049 hoo
887 988 1031 1069 potuisset
1044 988 1210 1064 conficere,
1230 1007 1306 1048 mox

135 1074 140 1083 ¹
215 1094 311 1171 enim,
331 1102 368 1155 nt
389 1111 511 1174 pacem,
538 1114 626 1173 quom
644 1092 734 1153 corde
754 1112 818 1151 non
838 1092 967 1168 ferebat,
993 1090 1069 1149 mihi
1088 1091 1193 1151 osculo
1208 1088 1303 1167 dedit,

212 1202 278 1257 tots
299 1193 447 1275 Coriphns
460 1214 566 1275 mogon
579 1196 694 1257 scillcet
707 1196 808 1256 insule
833 1194 974 1255 tremuit:
997 1213 1057 1253 nec
1081 1194 1179 1255 solum
1201 1192 1303 1270 semel,

188 1292 271 1357 Dsed
291 1305 338 1357 ter
353 1298 453 1359 eodem
474 1298 524 1359 die
541 1298 727 1379 pertremuit.
769 1298 899 1377 Postque
923 1295 1059 1357 triduum
1079 1304 1194 1373 summ,
1221 1294 1306 1356 deci-

104 1402 163 1459 Coi.
178 1404 198 1461 2
213 1420 264 1461 mo
279 1398 384 1478 quinto
397 1400 512 1462 scilicet
522 1401 648 1464 Kolend.
661 1398 845 1477 Decembris,
867 1399 940 1460 dum
953 1399 987 1458 in
997 1419 1099 1459 meuse
1113 1400 1230 1481 positus
1244 1418 1305 1479 po-

213 1522 282 1563 nem
305 1501 505 1580 comederem,
526 1504 581 1585 qui
595 1501 757 1583 ampliabat
770 1521 860 1582 super
873 1522 922 1561 me
937 1502 1109 1561 calcaneum
1124 1520 1225 1577 sunm,
1245 1519 1304 1560 vo-

213 1602 393 1665 recnndrtns
406 1605 451 1663 sol
465 1604 582 1665 focinus
597 1613 658 1663 tem
672 1602 826 1681 indiguum
843 1602 923 1663 lucis
939 1622 1010 1665 suro
1023 1602 1124 1663 rodios
1137 1600 1303 1677 abscondit,
1357 1657 1362 1666 .

212 1714 245 1767 et
263 1704 389 1785 eclipsin
403 1700 447 1786 ⁴¹)
469 1726 571 1786 pesoue
599 1704 776 1765 michaelem
797 1705 884 1765 illum
902 1708 1011 1767 terruit
1030 1707 1083 1767 sed
1103 1726 1169 1765 non
1187 1705 1307 1763 immu-

212 1806 300 1869 tavit.
340 1806 447 1869 Dicam
461 1826 545 1887 ergo,
568 1807 640 1887 quid
662 1808 709 1869 illi
727 1829 814 1869 conso
833 1808 981 1869 imicitioe
1003 1810 1140 1886 fecerim,
1162 1806 1304 1888 quidum

212 1909 249 1968 eb
267 1928 301 1969 eo
321 1930 378 1990 pro
390 1911 663 1992 recompensatione
683 1911 875 1993 perceperim.
917 1912 995 1971 Dum
1012 1908 1303 1991 constentinopolim

211 2011 402 2073 ascenderem
409 2058 418 2089 ,
447 2012 524 2075 illud
543 2024 675 2075 vestrum
698 2016 944 2097 pretiosissimum
968 2022 1086 2075 scutum
1109 2013 1185 2075 miro
1211 2028 1304 2092 opere

212 2114 386 2175 deauratum
406 2124 437 2175 et
464 2115 658 2195 fabricatum,
683 2120 765 2196 quod
783 2118 858 2179 mihi
878 2115 998 2177 Domini
1022 2115 1082 2175 mei
1098 2114 1225 2195 Augusti
1245 2113 1302 2173 de-

213 2215 314 2294 diotis;
336 2217 460 2278 coeteris
483 2238 552 2281 cum
572 2220 762 2299 muneribus,
782 2231 819 2281 nt
840 2220 943 2280 suricis
958 2219 1031 2278 meis
1052 2217 1301 2290 (incenderem

210 2316 275 2378 filio
291 2318 386 2399 ipsius
400 2320 525 2381 contuli.
567 2320 654 2381 Nunc
667 2321 956 2404 Constantinopolim
973 2321 1091 2382 rediens
1104 2328 1221 2401 petrem
1232 2317 1303 2398 prl-

210 2418 256 2491 lio
279 2418 388 2482 donavi
407 2420 636 2502 pretiosissim03
663 2447 719 2506 pro
740 2427 849 2506 quibus
870 2424 1006 2484 omnibus
1023 2423 1131 2502 grstim
1151 2418 1302 2482 distribuit

186 2520 368 2584 Boiusmodi.
411 2525 536 2606 Scripsit
550 2523 752 2606 Nicephorum,
774 2537 808 2588 ut
827 2546 1012 2609 quecumque
1032 2526 1106 2586 horo
1128 2545 1160 2584 se
1180 2524 1302 2602 adirem,

211 2622 319 2703 ubsque
331 2643 414 2684 more
427 2624 583 2686 chelandio
596 2627 765 2708 impositum
777 2630 871 2690 Leoni
881 2631 1033 2692 Kitonitoe
1044 2629 1198 2706 dirigeret,
1219 2625 1304 2706 quod

208 2721 276 2803 ipso
289 2744 351 2785 non
369 2725 461 2786 fecit:
483 2747 588 2790 venun
607 2729 710 2790 diebus
726 2731 835 2808 viginti
848 2743 1060 2796 moretonium
1073 2751 1137 2791 non
1150 2730 1228 2806 suis,
1249 2728 1303 2790 sed

209 2827 342 2907 propriis
364 2847 412 2888 me
432 2829 587 2912 stipendiis
615 2831 708 2910 oluit,
739 2832 836 2893 donec
860 2837 1028 2918 rproefoto
1048 2836 1147 2894 Leone
1166 2831 1303 2892 Kitonitr

209 2929 337 2990 nuncius
350 2928 449 3007 venit,
474 2932 527 3012 qui
541 2933 628 2994 illum
641 2954 695 2996 cur
708 2947 949 3016 memoraretur,
971 2937 1148 3016 obiurgavit.
1188 2935 1302 2997 Verum

210 3045 280 3088 cum
305 3029 524 3109 obiurgationes
553 3055 650 3112 meas,
678 3036 825 3116 lementa,
856 3048 886 3100 et
906 3038 1031 3120 suspirio
1054 3060 1119 3099 mec
1139 3040 1217 3099 ferre
1236 3055 1300 3096 non

208 3139 326 3210 posset,
348 3133 485 3206 recessit,
507 3153 613 3216 meque
631 3135 825 3201 hominium
840 3141 944 3221 iniquo
962 3150 993 3201 et
1006 3141 1134 3221 pessimo
1152 3156 1301 3199 commen·

210 3229 309 3308 derit,
330 3241 367 3291 nt
389 3242 526 3314 sumptus
544 3236 651 3297 saltem
671 3260 719 3301 me
739 3261 835 3302 emere
850 3263 913 3302 non
932 3242 1134 3324 permitteret,
1163 3241 1258 3302 donec
1280 3258 1301 3299 ι

207 3352 256 3393 me
276 3333 438 3410 cortinam,
459 3335 552 3397 librae
570 3342 684 3418 urgenti
699 3344 796 3424 pretio
815 3344 951 3423 dignum,
973 3345 1138 3426 occiperet:
1161 3352 1192 3404 et
1209 3361 1302 3422 quum

206 3443 280 3516 poet
293 3436 402 3515 viginti
425 3436 488 3498 dies
510 3439 582 3500 inde
604 3441 804 3523 discederem,
832 3447 961 3508 nuncius
977 3448 1062 3528 ipse,
1083 3448 1135 3508 cni
1152 3445 1301 3506 cortinam

153 3576 155 3584 ,
207 3536 355 3618 dederim,
375 3543 516 3605 nauclero
530 3546 627 3626 iussit,
649 3548 938 3628 utpostecroterio,
960 3549 993 3610 id
1004 3558 1048 3610 est
1058 3544 1302 3629 promontorium

208 3640 376 3720 quoddam,
398 3665 446 3706 me
462 3645 593 3728 positum
613 3651 691 3710 fame
706 3648 807 3729 perire
821 3650 1015 3731 permitteret.
1056 3651 1124 3711 Hoc
1144 3658 1246 3709 sutem
1264 3665 1300 3706 oo

180 3741 298 3820 Gfecit,
328 3746 469 3824 quonism
490 3769 529 3810 no
554 3770 704 3833 purpureo
731 3751 872 3814 haberem
893 3751 1096 3829 absconditos,
1121 3771 1187 3811 mes
1208 3744 1301 3830 pellis

206 3844 375 3922 regyravitz
405 3866 444 3908 ex
467 3851 574 3930 quibus
600 3853 672 3914 dum
691 3832 787 3915 uinum
806 3855 900 3914 vellet
915 3847 1065 3934 occipere,
1090 3873 1154 3914 non
1173 3849 1299 3931 occepit.

208 3942 236 4004 0
261 3943 437 4024 michaeles,
472 3949 645 4032 Michuiles,
676 3955 725 4016 nbi
755 3975 810 4016 vos
838 3964 885 4016 iot
915 3956 1006 4016 simul
1030 3955 1164 4036 talosque
1185 3952 1298 4034 reperii

207 4055 307 4107 custos
335 4067 419 4110 mens
444 4049 497 4110 ille
522 4053 870 4140 Constantinopolitanus
891 4054 1033 4119 michaeli
1061 4077 1116 4118 sno
1139 4055 1229 4118 rivoli
1248 4071 1299 4116 ure

241 4194 479 4324 cipriani-prm
500 4217 566 4258 mro
589 4204 651 4260 on
673 4205 839 4284 coporos„
856 4207 1197 4281 commmemo-
1217 4185 1301 4261 ce·-
