2959 4850
227 260 303 337 400
568 273 605 343 C.
622 274 658 345 B.
681 270 797 341 essu
816 274 971 347 NOTAE

227 434 300 505 753.
312 434 349 498 Δ.
364 436 474 499 Psulus
487 432 707 497 dlexsndrinus
723 432 904 517 Apotelesre.
919 434 971 503 54.
983 433 1020 498 Δ.
1037 434 1164 496 Iosrrnes
1175 432 1325 518 Philopo-

227 542 286 581 nus
306 522 350 581 De
369 523 519 582 erectione
539 520 660 598 muudi,
682 526 756 588 208.
780 521 814 583 Β.
835 521 1052 601 Polychronius
1069 523 1107 581 ln
1123 520 1261 598 lessism,
1281 522 1321 586 ll.

227 608 299 673 358.
315 607 350 668 Δ.
367 607 419 671 ἵνα
434 611 523 672 τοῦτο
537 602 821 688 προουτακοότγτοκ,
842 617 879 665 ut
892 606 951 665 hoc
964 604 1185 670 subaudiatur.
1227 607 1324 667 Euse-

227 690 294 752 bius
309 693 504 753 Commentsr.
528 692 562 751 iu
579 692 723 765 Psalmos,
744 693 767 751 l.
789 692 840 758 48.
853 693 890 753 A.
906 686 1203 775 ττμοοοκτωκουόντων
1221 690 1322 773 ἡμῶν,

225 774 280 839 τόν
297 772 432 859 Κόμων,
454 776 506 840 καλ
520 774 595 839 nursi
613 780 720 839 κοινοῦ
737 771 831 839 πόλιν
845 773 1115 857 λομβανόντωντό
1138 776 1221 856 ἑξῆς·
1243 796 1322 857 quse

224 861 473 923 Moutelslconius
488 862 701 925 vocabulorum
715 860 923 923 technicorum
935 862 1053 922 inscitie
1065 862 1141 922 mire
1153 863 1199 921 sic
1213 862 1323 923 reddi-

223 946 285 1008 dit:
310 948 371 1008 Cui
382 970 439 1007 nos
450 945 680 1028 respondemus,
699 947 859 1007 Dominum
871 968 933 1007 nou
944 948 1180 1022 invocaverunt,
1199 957 1228 1004 et
1240 966 1323 1026 quae

224 1044 396 1112 sequuntur
409 1036 443 1091 in
455 1036 606 1093 communi
619 1035 805 1111 accipimus:
825 1043 986 1113 notumque
1001 1033 1133 1093 addidit:
1157 1036 1323 1113 Hpoeurru·

195 1113 346 1195 οκοότιν,
373 1117 410 1177 id
431 1130 489 1195 est,
517 1116 699 1198 respondere.
751 1120 871 1178 Ateniur
890 1138 991 1179 sensus
1012 1118 1073 1178 loci
1095 1127 1158 1177 est:
1186 1115 1263 1175 adeo
1282 1127 1320 1177 ut

224 1201 454 1263 subaudiamus
468 1205 643 1273 Dominum,
667 1215 695 1261 et
707 1226 764 1283 per
776 1206 919 1284 figuram
942 1225 1038 1284 quam
1058 1214 1169 1263 vocant
1191 1223 1213 1261 o
1235 1223 1321 1260 corrr-

223 1292 310 1349 muru'
329 1310 521 1349 resumamus
543 1312 622 1370 quae
644 1301 823 1368 sequuntur.
863 1290 944 1349 Hsec
965 1289 1031 1349 dixi
1051 1289 1170 1366 lougius
1193 1289 1320 1347 fortusse

223 1396 312 1453 qusru
327 1375 486 1448 attinebat,
510 1376 593 1455 quod
607 1375 786 1453 interpretes
800 1375 969 1454 caeteroqui
984 1375 1088 1433 doctos
1107 1373 1209 1433 minus
1225 1373 1320 1433 intel-

223 1461 328 1521 lexisse
343 1462 433 1521 verbu
447 1481 479 1519 es
503 1462 578 1519 vidi:
601 1459 801 1541 opportunior
812 1459 984 1519 huiusmodi
996 1481 1046 1519 res
1062 1454 1257 1539 persequendi
1267 1459 1319 1517 lo-

224 1566 277 1605 cus
297 1546 355 1605 erit
380 1546 413 1605 in
434 1546 584 1605 Glossario
607 1566 716 1605 vocum
745 1566 762 1603 s
789 1544 957 1604 scholiastis
978 1544 1319 1622 commentatorihusque

224 1630 344 1690 Grsecis
356 1631 499 1709 peculisri
511 1650 601 1689 seusu
614 1638 838 1706 usurpatorum,
860 1631 943 1709 quod
954 1630 1012 1689 ieur
1029 1630 1142 1708 pridem
1154 1630 1317 1709 inceptum,

223 1716 344 1795 qusndo
360 1734 408 1775 res
421 1735 502 1775 mess
519 1715 645 1776 siverint
661 1714 812 1793 editurus,
833 1725 868 1775 ut
882 1714 919 1775 sb
932 1716 1057 1775 eruditis
1073 1715 1218 1796 probetur
1231 1714 1319 1775 rrlds

222 1810 304 1881 opto.

306 1889 386 1965 Peg.
401 1886 429 1951 5.
451 1887 506 1948 lin.
523 1892 552 1955 1.
572 1880 727 1969 όνολόγως
739 1882 773 1948 δὲ
786 1889 841 1949 rori
853 1883 999 1965 μεγέθους
1010 1889 1073 1948 τοῖν
1086 1878 1320 1967 συμβεβηκότων

102 2034 106 2041 ,
223 1968 354 2050 terren]
377 1972 420 2029 Ad
432 1972 556 2031 verbum
569 1972 629 2032 lere
639 1993 677 2031 ex
691 1970 825 2049 Agabis,
841 1976 871 2037 5.
881 1973 913 2031 C.
929 1977 985 2035 rori
995 1970 1141 2055 μεγέθους
1149 1978 1211 2035 τῶν
1225 1971 1320 2052 ἔργων

222 2052 265 2128 τός
277 2050 424 2136 ἕγγυτότω
435 2050 571 2119 ἱκέσθαι·
585 2056 1032 2137 uude'siruiliterXiphilinusIn
1040 2058 1242 2117 odorationem
1252 2076 1319 2115 cru·

223 2140 351 2207 051469.
367 2144 400 2203 Δ.
417 2134 568 2223 α’ναλόγως
582 2146 638 2205 τοῦ
652 2140 798 2223 μεγέθους
807 2146 862 2222 τῆς
876 2140 1049 2216 ὑποθέσεως
1062 2142 1184 2205 ἱκέσθω.
1204 2136 1322 2203 Ἀνυλό-

220 2248 281 2309 γως
295 2227 401 2285 ruelius
413 2228 598 2287 construitur
616 2248 684 2287 cum
699 2227 819 2301 dativo,
842 2237 876 2286 ut
891 2228 971 2307 spud
987 2228 1178 2287 Plutarchum
1194 2228 1235 2285 De
1249 2228 1320 2306 pls-

221 2309 288 2370 citis
310 2311 478 2391 philosoph.
491 2316 563 2379 896.
580 2312 613 2373 Β.
630 2308 785 2393 οἷνοιλόγοος
797 2316 838 2395 τῇ
857 2318 914 2375 τοῦ
928 2309 1040 2387 παντός
1054 2306 1192 2395 οόμοινοό
1203 2314 1317 2396 σφαίμογ

219 2396 394 2480 διῃρῆσθαι.
439 2398 481 2456 οο
506 2398 620 2458 enimse
642 2407 790 2478 procreet.
813 2402 901 2465 1029„
929 2398 964 2458 Α.
985 2398 1059 2458 Item
1080 2400 1109 2461 S.
1131 2396 1316 2478 Epiphanius

218 2481 370 2542 Adversus
386 2481 498 2546 haeres.
518 2483 538 2546 l.
553 2489 624 2550 951.
642 2486 713 2550 955.
735 2485 766 2542 C.
788 2489 861 2549 970.
881 2485 912 2542 u.
924 2483 1092 2542 Antiochus
1105 2484 1214 2544 Homil.
1229 2482 1314 2541 xxi.

189 2566 258 2626 Dde
270 2567 457 2645 virginitste.
479 2573 572 2634 1061.
594 2570 624 2627 C.
666 2569 755 2647 Apud
771 2570 915 2646 quosdam
932 2578 1032 2627 tamen
1050 2571 1230 2629 recentiores
1245 2587 1316 2626 curu

219 2651 368 2730 genitivo,
400 2653 485 2712 velut
507 2651 558 2712 lric
580 2655 612 2712 in
635 2655 750 2728 Leone,
780 2655 812 2712 in
834 2653 1050 2733 Xiphilinoqus
1074 2657 1163 2714 modo
1183 2654 1316 2712 lsudsto.

221 2736 288 2816 lpse
302 2737 504 2818 Epiphsnitw,
526 2739 598 2804 953·
618 2741 650 2799 ll.
666 2733 822 2817 όνολόγως
833 2744 888 2817 τῆς
902 2734 998 2802 κότου
1014 2733 1109 2813 οἷξίας.
1149 2739 1231 2799 ldem
1248 2736 1317 2797 Phi.

218 2820 344 2902 lopstris
363 2823 484 2882 Lucisni
500 2823 549 2884 lll.
573 2829 643 2890 509.
662 2831 710 2890 10.
732 2821 769 2886 τό
785 2822 857 2903 χρόα
875 2819 1141 2903 πληθυνθήοετοι,
1162 2817 1318 2906 όνολόγως

218 2909 274 2984 τῆς
290 2902 470 2982 ότοόότεως·
500 2909 551 2968 ubi
564 2909 628 2968 sins
646 2929 750 2985 cause,
772 2909 897 2988 opinor,
920 2911 1067 2969 Gesnerus
1083 2909 1255 2990 suspicatur
1269 2911 1318 2968 le-

219 2994 349 3068 gendum
365 2987 423 3056 όνοῖ
448 2989 539 3076 λόγον
553 2997 607 3074 τῆς
621 2987 673 3056 eirr.
716 2995 894 3074 Plerumque
914 3004 1015 3054 tomen
1034 2989 1189 3076 ἀναλόγως
1206 2995 1317 3052 sdver-

219 3075 338 3138 hislitor
351 3079 488 3157 ponitur,
511 3079 621 3157 sbsque
638 3099 723 3138 cusu:
754 3081 840 3139 velut
858 3082 940 3160 spud
957 3083 985 3142 S.
1005 3081 1137 3140 hlsrcum
1153 3079 1313 3139 Eremitsm

218 3159 262 3219 lle
277 3162 339 3239 lege
355 3163 520 3240 spirituali,
544 3167 616 3228 373.
634 3164 668 3223 l.
685 3165 717 3226 οἱ
732 3169 940 3245 πνευματικῶς
960 3159 1053 3228 oriris
1066 3165 1175 3244 [nemp.
1189 3160 1241 3226 τόν
1262 3159 1314 3226 νό·

217 3243 288 3325 μον]
305 3246 490 3320 λκτελοῦντες
501 3247 552 3310 καὶ
566 3242 719 3329 όναλόγως
730 3246 909 3329 τῆςγόροτος
922 3249 1097 3331 μετέχοντες.
1139 3253 1224 3322 Quas
1238 3248 1314 3327 ipse,

217 3339 248 3388 et
260 3350 334 3409 quse
354 3342 536 3410 sequuntur,
558 3335 587 3391 S.
604 3333 750 3394 hlscsrius
767 3335 929 3414 Aegyptius
948 3337 988 3395 od
1004 3337 1128 3395 verbum
1143 3333 1314 3413 exscripsit,

105 3431 109 3438 ’
218 3413 330 3476 Homil.
347 3417 500 3476 xxxvtl.
544 3417 585 3476 lle
609 3417 764 3498 psrsdiso,
786 3421 857 3486 433.
882 3423 919 3484 Δ.
933 3421 1010 3480 ltem
1027 3422 1091 3480 sine
1112 3439 1184 3480 essu
1209 3413 1316 3480 όνωλό-

216 3523 278 3610 γως
292 3511 336 3562 est
350 3505 429 3584 apud
452 3501 633 3583 Stephanum
648 3504 772 3582 llyzsnt
798 3506 839 3564 lle
855 3505 921 3567 urb.
943 3507 975 3569 B.
1000 3509 1072 3571 381.
1093 3505 1149 3564 suh
1170 3524 1201 3567 v.
1215 3495 1316 3576 Ἦλις·

225 3589 250 3648 0
269 3588 392 3666 πολίτης
409 3583 469 3652 rhed
483 3586 670 3668 τῆςἪλιόος
689 3592 808 3670 γενικῆς
830 3583 981 3672 όκολόγως
993 3585 1147 3665 meroe.
1187 3589 1247 3648 Ubi
1258 3606 1315 3647 ne-

217 3671 281 3731 scio
297 3671 370 3751 quid
385 3674 417 3732 in
439 3685 565 3734 mentem
579 3674 696 3734 venerit
710 3675 863 3750 Berkelio,
887 3676 1115 3754 interpretentir
1138 3677 1217 3734 civs'e
1231 3698 1252 3732 ο
1261 3695 1316 3753 ge·

217 3754 447 3831 τοίεὶυυἬλοδος
458 3762 737 3838 presentationem
748 3754 901 3833 Ἦλλόεκος.
942 3761 1189 3832 Tauroentum,
1208 3779 1316 3817 recurs-

218 3837 293 3898 dum
307 3845 471 3922 analogice
481 3849 636 3909 rotimum.
680 3847 797 3904 Addam
813 3867 903 3925 porro
916 3844 976 3922 hic,
995 3846 1062 3904 dats
1076 3845 1241 3920 occasione,
1262 3845 1316 3922 ιγ·

217 3944 362 4006 uonyruss
384 3930 498 4005 aliquot
519 3931 662 4009 loquendi
686 3931 849 4006 formulas,
871 3931 1037 4008 quse.viris
1055 3931 1164 3989 eximia
1183 3929 1315 3989 Grsecse

216 4007 336 4089 linguse
357 4012 466 4091 peritis
488 4015 640 4074 instructis
663 4014 773 4121 passim
793 4015 893 4074 fraudi
913 4016 1044 4078 fluerunt.
1087 4017 1147 4075 Pro
1163 4007 1317 4095 όνολόγως

101 4103 132 4157 l’.
151 4103 201 4162 188
217 4093 311 4174 igitur
337 4093 444 4156 Graeci
467 4099 589 4162 dicunt:
620 4105 647 4165 1.
671 4094 827 4182 Ανόλογον
853 4098 1082 4176 sdverhieliter,
1112 4100 1194 4179 quod
1214 4109 1259 4160 est
1280 4098 1317 4157 in
1430 4156 1434 4162 .

214 4181 322 4259 vulgus
337 4191 457 4259 notum,
480 4204 554 4262 sque
568 4183 720 4264 Stephsuo
733 4185 794 4244 ism
805 4185 839 4244 in
849 4183 999 4246 Thessuro
1012 4185 1203 4246 illmtrstum.
1247 4183 1317 4256 Quo

215 4267 310 4347 mgis
327 4266 433 4332 mirsri
453 4267 528 4332 lieet
548 4269 583 4330 iu
605 4289 640 4330 eo
660 4271 808 4332 vertendo
835 4289 948 4334 errem
969 4270 1115 4333 Hostium
1134 4270 1171 4332 iu
1186 4269 1317 4350 Origene
