2959 4850
209 304 214 317 '
317 324 320 337 '
374 337 607 421 mortuom
626 350 802 421 rnocse
823 352 917 420 cnr.
937 350 1010 420 xrs
1098 392 1101 399 -
1171 344 1248 418 sle

132 510 134 521 ⁴
149 514 252 601 μαίων
265 512 334 599 ἤθη
349 514 506 599 soranus.
541 514 619 603 πρδς
632 513 734 607 τούτῳ
750 517 784 583 δέ
797 516 848 583 καί
864 514 895 582 οἳ
909 510 1174 603 στρατηγήσαντες
1189 526 1249 586 τῶν

147 621 351 711 Ἀνατολικοῖν
367 620 418 683 καί
434 621 660 697 Καππαδοκίας
676 622 708 687 ἐν
720 630 787 697 τοῖς
803 618 868 686 άνω
882 615 1023 706 χρόνοις,
1051 626 1115 685 τῶν
1131 626 1249 709 Ταρσι-

154 729 215 787 τιῖν
235 722 315 785 κατὰ
340 727 397 805 τῆς
419 718 589 807 Ῥωμαῖκῆς
608 721 715 810 χώρας
734 723 791 807 τὴν
804 723 952 801 ἐξέλευσιν
966 724 1172 806 ποιουμένων,
1203 725 1249 791 δι’

154 822 249 908 άλλης
268 820 343 889 isloni
359 824 392 889 ἐν
408 834 476 901 ταῖς
486 822 604 913 χώραις
627 825 730 893 αύτών
751 823 967 910 ιίσερχάμενοι,
995 826 1070 892 ποτέ
1086 827 1144 910 μέν
1164 826 1252 894 αὐτοὶ

129 925 278 1007 5ἐιιεῖνοι,
307 928 381 993 ποτέ
403 928 439 992 δέ
453 952 538 1005 τινας
552 934 609 994 τοῦ
625 934 702 995 λαοῦ
719 926 822 995 αύτών
836 928 1089 1010 ἀποστέλλοντες,
1118 930 1198 994 κατὰ
1215 932 1251 997 τδ

153 1032 307 1118 ἐγχωροῦν
327 1028 458 1106 τούτους
483 1028 771 1118 κατετραυμάτιζον.
814 1028 882 1099 δδέ
890 1058 923 1117 γε
938 1031 995 1116 τὴν
1014 1028 1178 1118 ἡγεμονίαν
1193 1040 1278 1119 τῆςΒ

152 1135 326 1200 Λυκανδοῢ
347 1134 476 1199 καὶτῶν
494 1136 586 1199 ἐκεῖσε
605 1134 766 1224 ἄκριτιειῶν
782 1132 931 1219 θεμάτων
950 1136 1200 1222 ἐγκεχειρισμένος
1219 1137 1252 1201 ἐν

151 1246 219 1311 τοῖς
239 1235 345 1313 αὐτοῖς
364 1233 505 1322 χρόνοις,
533 1232 638 1314 ὁσάκις
658 1236 696 1303 ἂν
710 1236 810 1322 Ἀλὴμ
826 1235 842 1304 ὅ
856 1239 924 1315 υἱδς
937 1243 994 1308 τοῦ
1007 1241 1150 1323 Χαμβδά
1171 1240 1317 1305 nostrum
1328 1252 1414 1303 cnon

149 1334 321 1421 Ῥωμανίας
344 1338 401 1423 τὴν
425 1338 573 1416 ἐξέλευσιν
597 1338 762 1425 ἐποιήσατο
769 1390 781 1421 ,
808 1338 830 1426 ἢ
854 1344 886 1408 ἐν
908 1348 948 1429 τῇ
965 1342 1028 1432 ἰδίη
1045 1338 1135 1432 χώρην
1147 1343 1258 1430 χρείας.
1276 1320 1390 1373 ΜΕ·

110 1440 322 1525 Ιοάναγκαίας
337 1440 432 1506 αύτδν
447 1440 682 1527 κατεπειγούσης
693 1444 819 1527 μετέβη,
837 1444 917 1510 κατὰ
928 1451 985 1529 τῆς
995 1440 1102 1529 χώρας
1114 1442 1253 1510 τούΧά·

152 1550 223 1609 λεπε
240 1546 291 1608 καὶ
312 1550 368 1626 τῆς
379 1543 562 1628 Ἀντιοχείας
580 1546 805 1629 ἐπιτιθέμενος,
832 1544 969 1631 μεγάλην
994 1547 1026 1611 ἐν
1049 1546 1155 1622 αὐτοῖς
1175 1545 1255 1629 βλά·

151 1654 213 1731 βην
239 1646 410 1733 εἶργύζετο·
438 1649 489 1712 καί
512 1646 586 1723 τοδς
611 1658 762 1734 συγγενεῖς
790 1647 904 1729 αύτοῦ,
933 1650 984 1713 καί
1014 1646 1168 1734 άρχηγούς
1193 1657 1257 1716 τῶν

152 1748 344 1837 φιυσσάτιυν,
373 1747 525 1835 μεγάλους
554 1752 606 1815 καὶ
630 1760 821 1840 περιφανεῖς,
857 1746 1073 1838 δορυαλώτους
1096 1748 1175 1831 εἷλε,
1203 1754 1256 1818 καί

152 1853 226 1928 τούς
246 1850 366 1919 τούτων
389 1854 544 1938 μαχίμους
566 1852 682 1943 ἄνδρας
689 1904 699 1936 ,
728 1857 779 1920 καί
794 1860 922 1921 πλεῖστα
944 1851 1088 1942 φρούρια.
1123 1854 1160 1919 τδ
1176 1854 1253 1921 αύτδ

111 1956 189 2027 15δέ
210 1958 261 2019 καὶ
281 1957 314 2020 ἐν
337 1961 376 2043 τῇ
396 1962 459 2021 τῶν
476 1958 611 2022 Κιλίκιον
625 1954 715 2049 χώρη
738 1955 949 2042 διεπράττετο,
979 1953 1021 2032 ώς
1038 1961 1077 2043 τῇ
1091 1960 1253 2045 Λυκανδρῖ

154 2054 339 2145 συνορούση.
384 2060 435 2123 καί
453 2058 568 2133 αύτούς
587 2061 707 2140 τοίνυν,
737 2053 951 2146 ώστρατηγέ,
979 2057 1030 2123 ὅτε
1052 2057 1118 2139 μετ’
1143 2059 1279 2142 interp-c

64 2238 66 2243 Ι
156 2159 288 2237 δεύσεως
302 2164 351 2225 καὶ
369 2160 493 2248 ἐνέδρας
508 2164 722 2248 τραυματίζειν
739 2162 811 2237 τοδς
824 2162 987 2243 πολεμίους
1000 2158 1174 2246 ἀπορήσεις,
1201 2161 1253 2226 διά

154 2264 192 2329 τὸ
211 2262 340 2339 ἑαυτούς
354 2264 502 2347 ἐπιμελῶς
517 2264 743 2351 άσφαλίζεσθαι
764 2265 815 2330 καί
835 2258 1101 2350 παραφυλάττειν·
1128 2262 1193 2328 οὔτ’
1211 2256 1312 2331 airu.
1326 2273 1380 2333 402
1396 2295 1416 2331 r.

156 2365 247 2433 πάλιν
261 2364 419 2453 ἀξιόλογον
436 2365 511 2452 ἔχεις
527 2363 657 2462 δύναμιν
664 2417 674 2450 ,
702 2367 780 2456 πρὸς
795 2365 831 2433 τὸ
847 2371 987 2455 φανερῶς
1004 2363 1109 2444 αὐτοῖς
1123 2364 1253 2450 άντιμά-

110 2476 287 2555 Ξοχεσθαι·
313 2477 406 2536 τοῦτο
424 2473 473 2536 δεῖ
485 2494 519 2535 σε
536 2469 748 2560 διαπράττειν·
775 2473 825 2535 καὶ
843 2470 900 2535 εἴτε
924 2469 1019 2536 αύτδν
1040 2469 1075 2535 σέ
1097 2470 1177 2535 κατὰ
1197 2477 1253 2554 τῆς

154 2572 260 2661 χώρας
274 2579 336 2638 τῶν
349 2575 501 2657 πολεμίων
515 2575 699 2660 ἐπείγεσθαι,
720 2569 990 2657 καταλιμπάνοντα
1004 2571 1105 2660 ἄνδρα
1117 2578 1180 2638 τῶν
1196 2572 1253 2638 άλ-

159 2683 221 2744 λων
236 2681 415 2764 στρατηγῶν
431 2674 686 2764 ἀξιολογώτερον,
702 2675 782 2760 μετὰ
797 2680 848 2742 καὶ
864 2673 1095 2764 στρατεύματος
1107 2681 1163 2740 τού
1176 2676 1254 2762 πρδς

160 2780 365 2870 παραδρομὴν
383 2781 434 2844 καί
450 2777 597 2866 πρόνοιαν
610 2787 672 2846 τῶν
686 2776 835 2863 θεμάτων
848 2781 1075 2858 ἐξικανούντος·
1102 2777 1170 2860 εἴτε,
1197 2784 1253 2844 σοῦ

227 2961 254 3015 7.
278 2955 510 3030 ἐγκεχειρισμένος.
533 2957 605 3013 Fort.
621 2955 855 3030 ἐγκεχειρισμένος.
923 2958 966 3016 15.
989 2951 1254 3030 tls—ooropov'op]

230 3027 298 3084 ὥστε
310 3031 392 3100 νικᾷν
405 3023 482 3101 αύτῷ
497 3032 658 3098 σννορώταιι
675 3029 751 3084 codd.

161 3187 282 3248 vocetur,
300 3183 333 3236 ed
351 3179 518 3240 Romanusne
532 3185 597 3238 fines
610 3183 717 3254 recepit.
749 3181 859 3236 Praetor
874 3182 939 3236 heeo
951 3178 1141 3236 Amtolioorom
1155 3194 1189 3250 qn
1224 3195 1257 3232 uo

162 3253 393 3322 Cappadociaeque
408 3255 486 3308 duces
498 3254 630 3325 superiore
641 3251 770 3317 memorie,
790 3251 891 3322 quando
906 3253 1050 3306 Tarsenses
1061 3250 1089 3302 in
1100 3195 1257 3318 agminils-

162 3339 258 3375 menum
275 3322 466 3392 impressionem
484 3326 614 3388 fecerent,
631 3339 679 3392 per
693 3322 768 3374 eliam
778 3323 844 3374 viem
855 3322 881 3374 in
895 3320 996 3373 illorum
1009 3320 1141 3390 regionem
1155 3318 1257 3386 ingres·

163 3391 199 3454 ei,
217 3391 291 3444 modo
312 3409 358 3460 per
377 3410 406 3447 so
424 3393 491 3464 ipsi,
508 3393 582 3446 modo
600 3411 647 3464 per
659 3391 781 3461 quosdam
794 3408 895 3443 suorum
909 3407 940 3442 eo
951 3389 1054 3452 missos,
1072 3404 1119 3457 pro
1133 3387 1257 3439 facultate

163 3459 219 3511 illos
237 3471 407 3518 vexaverunt.
440 3462 538 3517 Eadem
557 3467 710 3531 tempestate
729 3460 767 3525 is,
785 3461 828 3512 cui
849 3459 964 3529 bysantii
983 3465 1040 3511 erut
1053 3455 1256 3526 provinciarum-

163 3545 212 3598 que
223 3529 418 3594 linimentum,
449 3549 498 3585 nee
507 3532 544 3586 lbi
557 3539 625 3595 eunt,
638 3529 853 3592 commissecure,
871 3528 1072 3597 quotiescunque
1084 3524 1149 3577 elim
1161 3525 1256 3575 Cheru-

162 3597 241 3650 bdnni
255 3598 324 3651 tilius
342 3599 384 3650 vel
398 3601 426 3653 in
463 3617 564 3654 omnnoe
584 3602 649 3654 liner
663 3597 827 3668 irruptionem
845 3597 973 3659 lucisbet,
990 3593 1033 3647 vel
1045 3593 1073 3645 in
1086 3609 1132 3644 sne
1142 3592 1200 3662 ipse
1213 3609 1257 3644 re-

163 3666 255 3735 gione,
273 3683 350 3720 oense
369 3671 515 3722 nscessnrie
538 3676 666 3740 urgente,
684 3673 769 3720 cestre
787 3667 918 3730 mutebnt,
936 3664 1153 3733 Chalybonensem
1167 3661 1256 3712 etAn·

163 3735 301 3790 tiochinmu
319 3737 450 3806 ingressus
468 3755 571 3808 εριυιιι,
589 3753 705 3806 magnum
721 3735 840 3820 portibus
857 3731 908 3787 illis
922 3733 1099 3786 detrimentum
1116 3727 1256 3782 efferebam

163 3803 191 3857 in
205 3811 407 3876 potestatemque
423 3807 559 3876 redigebat
570 3825 642 3860 soem
657 3805 732 3858 Aliter
747 3804 916 3874 propinquos,
933 3801 1026 3855 cmtris
1042 3799 1190 3871 praefectos
1201 3813 1257 3850 me-

164 3889 228 3942 gnoe
239 3891 269 3926 ec
280 3877 434 3944 epeotebilos
449 3878 571 3941 homines,
589 3891 723 3958 eorumque
736 3873 847 3936 milites,
862 3872 934 3925 viros
946 3873 1037 3934 fortes,
1054 3874 1082 3923 et
1095 3865 1202 3922 castelle
1214 3883 1260 3918 nu-

165 3943 373 4064 npprfqnpillqrime.
409 3945 485 4008 Quod
497 3947 563 3999 idem
575 3943 747 4064 indCiliuepui
759 3943 839 4063 liqbnt
851 3946 950 4064 tqqpprq,
966 3939 1064 4063 quipqpie
1077 3937 1120 4058 qui
1132 3935 1261 4060 ἔργετο-11132

164 4029 259 4134 δεδοτέι
280 4030 340 4134 αδδ
349 4012 888 4154 polleialiilllil’qlsotluip’sifflsllsulllligoelller
899 4027 1117 4132 conlnllllliunlqece
1122 4081 1259 4156 tueenturt

164 4167 246 4220 neque
271 4151 352 4221 rengis
367 4151 471 4206 idonens
492 4153 572 4204 habos
593 4152 696 4222 copies,
713 4157 743 4203 ut
761 4160 851 4220 operto
866 4151 952 4204 lllerte
965 4149 1098 4201 decertare
1113 4158 1218 4222 possiet·
1231 4137 1259 4193 id

165 4221 234 4288 quod
253 4220 364 4272 diximus
379 4221 465 4274 iecere
478 4231 504 4274 te
517 4227 636 4290 oportet:
655 4227 682 4273 et
694 4222 736 4274 vel
752 4226 779 4273 te
798 4219 881 4289 ipsum
895 4220 924 4273 in
946 4215 1147 4270 edversariormn
1166 4211 1261 4292 limite!

166 4287 277 4353 inferre,
293 4289 385 4342 relicto
398 4291 617 4360 praestantissimo
630 4307 662 4342 ex
676 4287 813 4358 praelectis
825 4289 895 4353 tuis,
912 4305 968 4340 cum
980 4303 1054 4339 menn
1066 4299 1133 4354 quse
1147 4280 1181 4332 ed
1191 4295 1261 4332 ruso·

167 4358 281 4427 quendos
302 4359 388 4412 hostes
401 4361 559 4431 tuendasque
576 4357 722 4431 provincius
738 4359 775 4411 sit
794 4357 874 4411 setis:
891 4356 950 4423 rel,
967 4355 992 4407 ei
1004 4361 1036 4407 tu
1047 4353 1104 4422 ipse
1116 4351 1203 4404 hostes
1219 4365 1261 4400 se-
