2959 4850
272 209 333 258 ΧΠ
712 201 750 274 C
769 201 806 269 B,
826 199 945 270 HASII

272 380 335 444 quo
351 359 428 424 flatu
448 359 573 442 collegia
588 357 736 422 litteraria
754 366 786 422 et
801 359 1091 443 adiposauairsrsa
1113 363 1238 442 mmtit,
1260 363 1367 426 eodan

271 473 307 525 ut
322 463 416 526 multa
431 463 489 524 alia
500 461 613 542 ingenii
628 473 822 523 monumenta
838 462 951 525 chartis
962 465 1134 526 reconditis
1142 466 1300 544 mandatu,
1321 466 1367 528 sic

268 563 341 626 item
362 563 482 626 ultimas
502 565 646 648 reliquias
664 565 833 628 sedulitatis
854 565 1086 628 combefisianae
1110 567 1283 648 dissipavit,
1311 577 1368 628 aut

266 667 380 730 obruit
422 668 510 730 Gcrte
535 689 633 752 nsque
653 677 720 732 tum
740 690 809 732 cum
826 671 1031 754 expilaruatur
1049 668 1172 732 libraria
1192 670 1249 732 FF.
1263 671 1369 732 Domi·

266 771 462 849 nicanorum,
485 791 582 854 neque
603 793 673 836 mam
692 781 765 854 post
786 772 990 856 surreptiones
1004 773 1102 836 maias
1118 772 1190 834 libri
1203 769 1276 831 inde
1286 773 1367 832 resi-

267 872 321 934 dui
344 891 399 954 per
412 871 608 936 bibliothecas
628 874 760 936 diversas
772 873 991 956 diriberentur,
1012 877 1174 960 quicqum
1188 874 1226 934 de
1236 873 1367 956 repertis

267 974 436 1038 combefisii
458 975 577 1038 schedis
598 977 731 1038 auditum
746 985 808 1054 est,
826 977 939 1040 nedum
952 977 992 1041 de
1002 974 1190 1040 vudomtm
1205 976 1314 1038 leonis
1334 986 1367 1036 et

265 1077 370 1140 Psellis
391 1097 466 1158 quae
486 1079 538 1142 vel
552 1078 586 1139 in
597 1078 709 1140 latebra
722 1077 823 1158 aliqua
835 1077 972 1160 ignorata
986 1081 1165 1144 delitescunt
1177 1081 1297 1162 adhuc,
1313 1081 1366 1143 vel

265 1178 363 1265 (quod
378 1177 470 1260 magis
484 1191 531 1245 est
542 1181 695 1256 orantus)
709 1179 831 1242 omuino
845 1179 937 1244 laodic
949 1183 1179 1248 interciderunt.

350 1283 403 1346 lv.
424 1284 542 1364 Quare,
563 1285 614 1346 ubi
632 1282 724 1346 semel
735 1280 769 1344 in
782 1283 916 1346 animum
930 1285 1109 1350 induxeram
1124 1287 1251 1350 Leonem
1262 1286 1297 1346 in
1308 1287 1365 1346 lu·
1446 1326 1447 1353 ,

263 1391 332 1447 uem
352 1388 507 1468 prolerre,
526 1387 594 1450 fieri
610 1384 748 1470 oportuit
765 1405 876 1448 novam
896 1387 1174 1472 interpretationem
1193 1389 1257 1453 eius
1275 1388 1367 1448 Lati·-
1445 1398 1449 1442 L

264 1510 351 1552 nam:
365 1477 459 1552 ¹extra
472 1511 570 1574 pauca
583 1511 659 1573 qaae
669 1508 761 1570 supra
774 1489 838 1550 dixi
846 1535 857 1567 ,
877 1487 911 1550 in
925 1491 1044 1554 Csiticis
1056 1491 1191 1573 Pagimis
1202 1510 1365 1552 conserva-

264 1601 306 1654 ta.
347 1591 462 1654 Deinde
485 1591 652 1674 conquisivi
672 1613 749 1673 quae
762 1591 801 1652 sd
822 1593 1035 1658 illustrandum
1050 1594 1229 1677 scriptorem
1243 1600 1365 1675 specta·
1439 1644 1446 1657 .

147 1753 153 1758 .
264 1703 343 1757 rent
384 1695 453 1776 Sed,
475 1717 565 1778 opera
580 1695 712 1756 ismfere
722 1695 809 1778 prelo
820 1705 941 1776 parata,
962 1697 1135 1780 perspicere
1148 1695 1243 1778 coepi,
1264 1714 1365 1776 quan-

264 1805 312 1858 tas
335 1799 400 1860 eius
417 1799 510 1860 editio
535 1795 727 1860 difficultates
753 1807 829 1858 esset
849 1797 1006 1878 habitura,
1028 1797 1201 1875 cnmalias,
1224 1795 1366 1878 quashic
1453 1830 1454 1861 l

264 1898 386 1962 definite
415 1900 539 1984 edisspri
559 1901 633 1982 quid
650 1899 781 1960 attinet?
806 1908 872 1970 tum
895 1899 1129 1980 magnitudinem
1150 1900 1365 1982 impensarum,
1454 1902 1455 1921 ¹

261 2003 371 2084 quibus
391 2023 449 2066 nec
466 2003 578 2088 privati
602 2002 734 2064 cuiusvis
747 2001 839 2063 unius
851 2011 1044 2085 suppeterent
1058 2003 1146 2064 facile
1158 2003 1281 2085 copiae,
1306 2018 1366 2060 nec
1445 2057 1451 2074 ,

165 2105 198 2163 Ρ.
215 2107 249 2163 Vl
265 2114 347 2166 ceute
359 2124 451 2167 meae.
492 2105 678 2184 Accedebat,
700 2113 736 2166 ut
746 2104 812 2186 ipse
825 2105 858 2164 iu
872 2105 1059 2166 Bibliotheca
1073 2105 1164 2185 llcgia
1174 2105 1230 2165 sub
1241 2103 1276 2164 id
1287 2112 1365 2162 mm·
1456 2104 1458 2129 ³

259 2227 317 2289 pus
331 2227 425 2266 essem
442 2207 700 2288 occupatissimus,
711 2192 851 2268 notitiam
864 2207 958 2268 Codd
968 2207 1090 2268 Graece,
1105 2227 1144 2266 ex
1157 2207 1243 2265 ltalia
1258 2223 1364 2265 recens

261 2309 422 2370 allatorum
441 2308 588 2370 conficere
601 2327 731 2386 conans,
752 2310 874 2387 qualem
886 2309 923 2369 de
935 2307 1030 2368 codd
1047 2305 1229 2366 Florentinis
1244 2304 1365 2364 Bendi-

260 2411 349 2491 nius,
377 2410 416 2473 dc
439 2407 722 2473 vindobonsmibus
745 2407 919 2471 Lambecius
941 2406 1110 2471 ediderunt.
1151 2405 1364 2483 Quamobrem,

262 2536 323 2597 quo
348 2514 454 2575 saltem
467 2512 679 2593 intelligerem,
701 2511 789 2593 quale
800 2512 935 2573 moram
950 2510 1109 2571 doctorum
1121 2508 1267 2573 iudicium
1281 2512 1364 2571 intu-

261 2638 330 2681 sum
350 2616 475 2678 assctde
488 2616 602 2695 Leone,
624 2613 697 2675 satis
716 2622 792 2677 tunc
813 2614 922 2691 habui,
942 2613 1055 2675 librum
1067 2622 1200 2692 semum,
1220 2623 1255 2673 ut
1268 2623 1364 2673 erata

260 2740 309 2783 me
332 2738 438 2781 versus
444 2764 453 2798 ,
475 2738 608 2781 seorsum
629 2717 801 2800 speciminis
820 2738 908 2779 cansa
922 2717 955 2777 in
975 2716 1075 2777 lucem
1089 2717 1225 2799 proferre
1240 2718 1364 2777 Nots'ces

260 2834 290 2883 et
300 2825 442 2885 Eutraits
456 2820 508 2881 des
524 2822 599 2883 Mes.
613 2819 651 2883 ds
666 2820 699 2883 lo
711 2820 927 2901 Bibliothe'que
943 2818 987 2878 du
1000 2820 1066 2879 Boi
1076 2828 1134 2882 etc.
1148 2816 1229 2882 VIII·
1242 2818 1307 2887 264
1319 2850 1364 2865 ·-

260 2928 333 2993 296.
375 2922 477 3004 Neque
491 2925 651 3005 quicquam
664 2923 792 3005 posthac
805 2922 932 3010 propius
947 2928 993 2983 est
1006 2922 1136 2999 iactum,
1157 2940 1247 3003 quam
1258 2931 1296 2982 ut
1307 2940 1363 2981 co-

154 3038 159 3057 ’
260 3026 434 3105 gitationem
455 3025 593 3086 editionis
622 3025 755 3107 integrae
773 3028 895 3088 omnino
914 3024 1107 3087 dimitterem.
1148 3024 1272 3105 Aliquot
1290 3021 1364 3082 anni

260 3146 332 3187 eum
353 3127 399 3188 sic
419 3126 623 3207 effluxissent,
635 3108 691 3189 'ms
712 3130 780 3189 aliis
797 3125 1053 3189 sollicitudinibus
1066 3124 1207 3206 curisque
1220 3127 1363 3202 distento,

260 3248 331 3293 ecce
350 3230 400 3291 vir
420 3229 544 3308 doctus,
567 3250 627 3311 quo
647 3250 735 3291 nemo
751 3232 833 3291 omni
846 3227 1034 3310 antiquitatis
1046 3228 1286 3309 septentrionalis
1297 3247 1363 3287 me-

258 3332 357 3393 moris
370 3333 585 3411 abundantior,
609 3353 697 3395 nemo
708 3334 741 3397 in
754 3333 957 3395 monumentis
973 3329 1116 3391 historiae
1132 3330 1274 3391 Ruminae
1290 3348 1363 3387 exa-

259 3434 419 3513 mittendis,
441 3417 666 3519 comparindis,
689 3436 876 3519 explicandis
890 3434 1007 3496 acutior
1019 3443 1072 3493 out
1085 3432 1219 3510 felicior,
1240 3430 1364 3510 Philip-

257 3556 317 3618 pus
330 3539 432 3617 Kauo,
447 3537 623 3599 Academiae
634 3538 801 3623 lmperialis
811 3537 1006 3599 scientiarum
1017 3535 1257 3618 Petropolitanae
1271 3532 1363 3592 decus

258 3648 291 3703 ct
311 3650 537 3719 oruamentum,
559 3640 642 3702 ultro
665 3662 713 3704 me
733 3640 843 3705 litteris
866 3640 942 3703 mue
955 3638 1059 3722 puris,
1082 3637 1204 3715 amicis,
1227 3635 1363 3697 candidis

259 3740 354 3822 adiit,
376 3742 513 3824 nihilque
534 3743 670 3826 opinanti
692 3745 956 3822 commonstravit,
974 3738 1225 3823 quemadmodum
1238 3737 1284 3800 rei
1299 3735 1381 3818 pri-·

260 3844 330 3907 dum
347 3845 505 3907 institutae
534 3844 670 3927 expediri
697 3848 796 3909 exitus
818 3856 929 3928 posset
970 3846 1084 3926 Nempe
1105 3841 1224 3927 imperii
1242 3837 1363 3901 ltuscici

258 3948 496 4027 Cmccllarium,
517 3956 573 4011 etc.
587 3948 635 4010 ill.
661 3948 807 4009 Comitem
818 3950 975 4011 Nicolaum
987 3967 1027 4008 nn
1040 3948 1240 4022 Romanurn,
1260 3941 1363 4003 virum

259 4058 296 4113 ut
319 4049 404 4111 omni
426 4070 600 4130 anemurum
624 4070 726 4113 rerum
740 4052 832 4113 laude
849 4053 1056 4131 cumulatum,
1076 4049 1120 4111 ita
1132 4058 1237 4109 natum
1248 4060 1364 4127 prora-

259 4146 367 4215 lendis
387 4142 559 4245 liberalium
576 4154 684 4217 studiis
690 4199 702 4233 ,
723 4174 795 4220 cum
806 4154 841 4218 in
853 4175 961 4219 manus
971 4153 1035 4217 eius
1050 4153 1204 4217 incidisset
1213 4141 1364 4231 specimen
