2959 4850
196 220 305 324 'ste
532 254 797 329 immaturi
816 254 1014 331 moino

229 424 314 477 esset.
357 414 457 483 Palam
479 425 540 496 est,
562 416 646 498 qnod
664 418 876 499 Borangarius,
896 426 929 481 ct
946 415 1123 481 tuebatur
1141 417 1190 479 sni
1210 417 1322 481 milites

228 518 343 597 allecti,
363 520 497 598 Regnum
518 520 657 581 Italicum
676 530 798 601 sceptro
822 540 914 582 aureo
934 540 975 581 ex
990 520 1054 581 sius
1069 540 1163 581 manu
1178 541 1322 603 susceps-

228 631 319 699 ront,
341 632 372 683 et
390 623 595 703 praesentibus
610 622 705 685 servis
718 624 797 699 tuis,
817 623 870 703 qui
885 644 969 685 nnnc
981 643 1077 705 usque
1089 632 1269 704 supersunt,
1292 632 1323 683 et

227 722 285 785 Irae
297 724 330 785 in
344 724 464 786 civitate
478 726 604 807 dogunt,
624 723 819 787 iureiurando
831 724 922 786 fidem
934 726 1145 808 promiserunt.
1186 726 1227 785 Iit
1241 724 1322 804 quia,

227 837 400 907 suggerente
413 828 557 910 Diabolo,
578 828 658 889 hanc
675 825 790 907 perfide
801 826 973 908 violarunt,
991 830 1072 891 iuste
1085 830 1154 889 illos
1168 828 1252 907 quusi
1266 828 1323 888 de-

227 939 372 1008 sertores,
394 930 511 1010 sibique
526 930 665 1009 rebelles,
685 928 788 1009 Regno
804 931 954 1012 privavit:
975 932 1059 1013 qnod
1071 933 1115 993 ite
1126 932 1255 992 subditis
1265 931 1324 992 uni

228 1041 258 1092 et
279 1032 472 1112 postmodnm
489 1031 652 1093 rebellibus
670 1034 791 1093 soemo.
831 1034 891 1095 Sed
914 1052 994 1112 non,
1015 1035 1077 1113 ait,
1096 1035 1246 1097 aldelberti
1262 1034 1323 1096 lace

226 1134 390 1215 profitetur
406 1133 501 1196 miles.
545 1135 602 1196 cui
614 1134 756 1217 inquamr
775 1135 902 1197 siccone
916 1136 1044 1216 dixerit,
1063 1157 1200 1199 meorum
1215 1136 1321 1217 aliquia

226 1236 374 1316 militum,
402 1238 428 1297 ei
450 1236 553 1316 iubes,
582 1256 648 1301 cras
670 1239 713 1297 ita
734 1258 799 1300 rem
815 1260 880 1301 esse
900 1240 1001 1301 duello
1019 1240 1192 1302 declarabit.
1238 1240 1323 1317 Esto,

68 1404 69 1409 ,
199 1337 343 1418 cinquit,
364 1338 568 1416 Itcerithaec,
588 1348 626 1399 ut
640 1340 696 1419 ais,
717 1340 805 1407 iuste.
845 1343 934 1403 Nunc
950 1342 1322 1425 curImpsriinosteiter·

223 1442 320 1502 minos
335 1438 379 1526 ¹⁰)
395 1442 476 1503 bello
490 1441 692 1523 incendioque
703 1462 855 1524 aggroesns
868 1445 924 1521 ait,
944 1444 1063 1525 expett
1095 1442 1193 1505 Amici
1205 1464 1323 1504 cramus

223 1545 457 1626 societatemque
478 1542 736 1624 indissolubilem,
758 1546 872 1627 nuptiis
894 1546 1095 1628 interpositio,
1116 1547 1215 1607 facere
1235 1546 1323 1625 cogi-

226 1647 374 1715 tabamus.
418 1648 540 1707 Terram
558 1644 697 1727 inquam,
719 1666 810 1728 qnam
825 1648 948 1729 Imperii
965 1648 1013 1709 tui
1027 1668 1091 1709 ease
1101 1669 1219 1725 narras,
1240 1667 1324 1728 pm,

224 1747 340 1821 incola,
369 1758 401 1809 et
420 1748 540 1827 lingna,
567 1747 667 1809 Italici
691 1750 787 1829 liegni
807 1769 870 1811 esse
891 1749 1032 1811 declaret.
1083 1746 1323 1827 Tenneruntque

224 1849 308 1911 illam
328 1850 508 1932 potestative
523 1850 730 1931 longobardi3
757 1872 847 1933 qnam
865 1861 897 1913 et
917 1851 1090 1913 Lndovicns
1107 1850 1322 1930 Longobsrdo·

223 1972 309 2031 runt,
331 1974 384 2015 seu
404 1954 589 2015 Francorum
608 1952 790 2035 Imperator,
811 1953 849 2014 de
865 1974 958 2015 mauu
977 1957 1211 2025 Saracenorum,
1233 1953 1323 2012 mol-

222 2053 354 2117 titudine
373 2066 539 2137 prostrata,
560 2056 708 2119 liberavit.
751 2056 811 2117 Sed
828 2065 860 2117 et
873 2055 1073 2138 landulphus
1091 2058 1322 2116 Beneventano·
1368 2070 1374 2077 ’

221 2176 309 2235 runt,
337 2168 368 2219 st
387 2160 596 2242 capuanorum
615 2160 759 2241 Princeps
786 2160 943 2242 septennio
969 2159 1149 2241 potestative
1174 2178 1240 2217 cam
1265 2156 1323 2216 sibi

222 2258 400 2341 subiugavit.
440 2262 532 2326 Nece
548 2262 701 2325 servitutis
716 2262 796 2341 eins,
817 2282 872 2324 sen
885 2280 1092 2323 anocoesornm
1105 2279 1228 2320 enorum
1240 2257 1321 2335 iugo,

191 2371 319 2444 nosque
332 2364 521 2448 adpraesens
534 2366 643 2444 exiret,
665 2365 764 2427 sinon
775 2366 917 2427 immsnn
930 2365 999 2426 dato
1008 2363 1152 2446 monia,
1170 2362 1322 2421 Romanas

222 2465 386 2547 Imperator
399 2468 496 2530 noso-i
509 2471 597 2550 Regis
608 2468 746 2549 lingonis
756 2469 917 2528 amicitiam
929 2477 1050 2530 enteret.
1091 2467 1131 2527 Et
1142 2464 1219 2524 haec
1232 2482 1321 2524 eausa

222 2565 297 2644 suit,
318 2569 402 2649 qnod
425 2571 527 2654 nepoti
535 2592 596 2658 'sno
606 2617 615 2650 ,
637 2581 669 2634 st
682 2571 845 2652 sequium
863 2569 950 2650 Ilegia
965 2569 1081 2647 nostri,
1103 2569 1237 2630 eiusdem
1250 2566 1322 2628 Ilu-

220 2669 306 2750 gonis
332 2672 468 2752 spuriam
493 2675 632 2754 coniugio
665 2675 827 2756 copularit
867 2675 908 2735 Et
932 2683 970 2735 nt
996 2671 1167 2748 considero,
1193 2670 1321 2729 Domino

219 2793 287 2834 meo
306 2795 369 2836 non
386 2777 528 2856 matiam,
550 2778 605 2838 sed
617 2778 826 2859 impotentiam
841 2777 1003 2855 adscnliis,
1025 2775 1109 2857 quod
1122 2781 1193 2856 post
1207 2773 1324 2850 Italiae,

219 2895 275 2936 sen
287 2877 400 2939 Itomae
413 2881 642 2961 acquisitionem
649 2929 660 2961 ,
679 2891 728 2942 tot
742 2881 829 2942 annis
841 2901 906 2942 sam
920 2881 977 2941 tibi
988 2879 1144 2940 dimiserit.
1187 2877 1322 2938 Societa-

220 2988 281 3068 tem
292 3001 365 3042 vero
379 2982 538 3062 amicitiae,
560 3003 650 3064 qnam
664 2993 695 3044 te
708 2983 862 3067 parentela
874 2983 1005 3044 voluisse
1019 2983 1117 3044 facere
1127 2981 1213 3057 dicis,
1234 2981 1320 3038 frau-

219 3080 290 3142 dem
300 3104 355 3143 nos
372 3083 535 3166 dolumque
549 3094 700 3148 teramnae
712 3107 858 3168 pausanas
873 3084 914 3167 ¹¹)
928 3087 1030 3166 exigis,
1050 3105 1125 3167 quas
1136 3103 1194 3144 nec
1207 3091 1239 3141 te
1251 3081 1319 3140 exi-

220 3205 289 3264 gere
301 3205 399 3267 neque
412 3207 469 3248 nos
484 3189 648 3250 consedere
662 3183 740 3250 intio
752 3189 819 3270 ipsa
833 3189 995 3270 compellit.
1025 3189 1136 3249 Verum
1149 3195 1186 3247 ut
1199 3183 1321 3245 fallacia

220 3288 418 3372 exculpatur,
438 3289 548 3352 veritas
569 3311 633 3352 non
648 3289 824 3368 reticeatur,
844 3290 926 3352 misit
946 3311 994 3353 me
1012 3291 1158 3352 Dominus
1173 3307 1256 3349 mens
1279 3286 1321 3346 ad

219 3401 267 3469 te,
289 3401 337 3469 nt,
360 3393 386 3453 si
399 3391 491 3452 liliam
506 3393 633 3452 Romani
654 3392 864 3472 Imperatoris,
885 3405 916 3454 et
938 3393 1139 3475 'theophanae
1154 3389 1199 3474 ¹⁸)
1217 3391 1322 3470 Impe-

221 3493 359 3574 natricis,
387 3493 515 3556 Domino
537 3515 619 3572 meo,
649 3495 786 3555 filiosuo
807 3495 913 3555 Ottoni
935 3495 1112 3577 Imperatori
1132 3495 1264 3572 Angusto
1287 3491 1322 3550 in

190 3597 394 3678 ttconiugium
418 3599 538 3660 tradere
559 3599 707 3672 volueris,
737 3598 906 3659 iuramento
930 3597 1004 3658 mihi
1030 3597 1179 3673 affirmes,
1208 3604 1239 3654 et
1266 3613 1320 3673 ego

219 3721 276 3782 pro
296 3702 459 3780 gratiarum
481 3701 759 3782 recompensatione
777 3701 871 3778 haec,
893 3709 925 3760 et
947 3700 1022 3760 haec
1039 3700 1201 3760 Dominum
1221 3715 1321 3756 menan

219 3801 277 3860 tibi
298 3803 447 3865 iacturum
467 3813 499 3863 et
521 3804 766 3881 observaturum,
787 3803 980 3863 iureiurando
993 3803 1158 3863 affirmabo.
1172 3797 1216 3880 ¹⁸)
1260 3797 1321 3858 Sed

221 3913 251 3964 ot
262 3903 405 3986 optimam
420 3904 464 3987 ¹⁴)
485 3905 631 3969 amicitiae
654 3905 816 3969 arabonam
833 3904 1014 3968 fraternitati
1031 3914 1102 3966 tuae
1115 3923 1199 3978 nunc
1211 3900 1321 3961 Domi-

254 4124 302 4194 to)
325 4125 396 4180 Attae
415 4131 521 4179 terrosa.
548 4127 625 4180 Cos.
704 4128 752 4194 11)
768 4125 810 4180 Al.
827 4127 955 4179 induciae.
979 4121 1056 4177 Cas.
1134 4125 1183 4194 ts)
1205 4120 1255 4176 Ilii
1273 4135 1320 4172 vo-

288 4201 349 4247 cant
366 4196 570 4264 Thespiooinm.
597 4197 672 4247 Con.
727 4197 774 4263 13)
792 4195 844 4250 Hic
860 4195 936 4248 deest
951 4193 1058 4263 aliquid.
1083 4191 1160 4247 Gon.
1215 4189 1261 4257 tt)
1278 4187 1319 4242 ΑΙ.

289 4267 412 4332 optimum
429 4265 609 4318 antitanes.
632 4265 714 4319 Mor.
1298 4261 1305 4272 “
