2959 4850
186 348 201 373 .
249 294 325 371 558
448 307 489 376 N.
509 305 778 377 M..FOGG11t11
798 304 1141 379 ADNOTATIONES

331 465 384 533 76.
405 463 594 550 opponitur]
616 464 745 527 'thraces
758 465 849 527 etiem
873 464 927 525 sub
943 462 1111 547 Nicephouo
1125 464 1159 529 iu
1172 465 1350 549 hacupe-

249 551 364 613 ditious
385 552 527 615 militasse
556 552 652 613 refert
673 552 872 613 Contionator
890 550 1079 633 Theophanis
1109 553 1143 613 iu
1166 554 1253 615 llom.
1278 556 1349 615 lun.

248 658 331 701 num.
345 638 427 699 ΧΠ.
443 656 510 718 pag.
525 640 600 703 300.
1218 676 1223 683 -

328 751 479 836 Ἑπτᾶκις]
501 756 547 815 En
564 754 617 815 ubi
628 754 811 816 Theodosius
827 755 983 837 perspicue
1002 766 1105 815 narrat
1119 757 1278 817 Saracenos
1293 762 1347 816 sei·

246 842 323 925 pties
344 862 362 899 ι
378 842 498 900 Graccis
520 842 610 903 fuisse
632 843 821 921 profligatos:
845 842 925 919 quod
951 841 1086 921 superius
1108 843 1262 902 obscurius
1284 864 1345 903 ex-

246 936 403 1009 presserat.
444 926 521 987 Vide
538 928 606 989 Aer.
621 928 674 987 lll.
691 947 721 987 v.
736 932 788 994 80.
812 934 842 985 et
858 948 931 1005 quae
948 926 990 984 ibi
1003 926 1220 988 adnotavimus.

331 1050 383 1113 92.
409 1050 476 1108 Τῶν
488 1042 653 1127 peticionis
665 1040 804 1126 τετράδα]
828 1044 977 1104 Occubuit
990 1065 1104 1127 nempe,
1120 1046 1191 1105 dum
1206 1066 1346 1124 magnam
1473 1088 1479 1094 -

246 1130 439 1189 barbarorum
455 1133 565 1191 sacerct
580 1132 708 1207 caedem,
725 1132 861 1209 adquam
877 1131 1085 1209 designandam
1101 1130 1175 1189 dicit
1189 1140 1345 1191 strenuum

245 1214 328 1275 hune
349 1216 474 1275 militem
494 1218 624 1276 membra
646 1220 859 1276 Saracenorum
878 1216 1004 1275 abscissa
1026 1216 1184 1314 proiecisse
1199 1234 1290 1295 acque
1307 1234 1345 1273 ae

175 1311 179 1317 “
247 1322 274 1359 ιι
265 1300 479 1361 'essentlolia.
522 1302 661 1376 Quatuor
676 1313 773 1361 autern
792 1297 991 1363 membrorum
1003 1321 1121 1359 normne
1136 1301 1286 1379 erpi-nnn
1307 1307 1345 1359 ut

247 1386 394 1462 arbitror,
424 1396 531 1467 caput,
558 1386 679 1447 brachia
686 1432 697 1464 ,
724 1396 865 1447 huncum
896 1396 925 1446 et
946 1398 1062 1447 crure.
1097 1378 1227 1471 [Metuis
1241 1380 1345 1464 τετρὰς

245 1470 367 1531 brachis
384 1482 457 1532 eunt
476 1482 507 1532 et
525 1472 637 1551 crure.]

332 1594 401 1655 108
425 1584 512 1670 Orbe]
533 1590 661 1648 Difficile
683 1589 844 1648 admodum
863 1587 946 1648 lectu
965 1597 1008 1648 eet
1020 1588 1078 1649 hoc
1093 1586 1244 1650 verbum
1233 1610 1267 1647 ιιι
1283 1587 1344 1647 Co·

247 1672 313 1733 dice
320 1695 519 1777 ,ancepsque
537 1674 659 1749 haereo,
681 1695 719 1731 en
731 1671 805 1732 haec
819 1694 888 1733 veru
908 1675 947 1733 sit
963 1674 1064 1734 lectio
1103 1676 1260 1735 Cornelius
1277 1672 1344 1731 edi·

247 1754 336 1817 dit*
317 1780 368 1833 oe,
390 1762 442 1818 sed
463 1760 494 1817 id
512 1760 590 1820 c'erte
605 1720 752 1838 scriptum
765 1778 825 1817 non
839 1778 900 1817 esee
915 1770 1056 1839 apparet,
1078 1781 1112 1821 eo
1126 1762 1218 1843 magis
1227 1804 1238 1837 ,
1261 1756 1344 1838 quod

245 1862 303 1903 uec
312 1864 416 1904 verene
429 1865 587 1921 mensura,
608 1864 665 1903 nec
681 1864 784 1902 seusus
798 1844 861 1925 ipse
875 1845 952 1903 illud
965 1846 1070 1906 ferment

331 1966 402 2029 129.
415 1959 569 2045 Ἕρόαινε]
594 1962 644 2023 Sic
667 1963 707 2023 ad
724 1962 814 2021 fidem
837 1962 954 2025 Codicis
974 1964 1113 2027 restitues
1142 1966 1226 2049 ἔρᾆι
1251 1962 1344 2041 enim,

245 2046 350 2111 forem
361 2067 464 2111 errore
477 2048 674 2131 typographi,
697 2048 775 2109 male
789 2048 883 2109 edidit
900 2050 1065 2111 Corneliae.

689 2294 895 2311 ψ

480 2469 1106 2561 1nQU1nrAuncnoas1n.

326 2639 409 2703 Vere.
430 2647 459 2710 9.
485 2644 625 2727 Tpoo'pa]
649 2645 695 2706 Ita
714 2641 836 2722 melius,
858 2663 949 2724 quam
971 2646 1120 2725 στραῦμα,
1141 2652 1178 2703 ut
1194 2641 1341 2704 benend-

242 2729 359 2788 notavit
376 2729 538 2792 Cornelius.

327 2853 378 2914 20
404 2847 598 2929 Τδρσεωτιῦν]
621 2847 780 2908 Tarsum
770 2869 829 2908 ram
855 2856 941 2906 antee
957 2867 1019 2907 non
1039 2847 1130 2907 semel
1152 2847 1265 2908 frustra
1281 2865 1342 2926 op-
1449 2911 1453 2924 ¹

242 2941 418 3011 pugnatam,
440 2933 627 3014 Nicephorue
639 2934 768 3010 Phocas,
791 2933 966 3013 priusquam
980 2934 1091 2992 bellum
1111 2933 1250 3008 Cretense
1269 2952 1341 2990 eus-

243 3015 374 3095 ciperet,
397 3028 481 3078 vasto
510 3021 625 3100 impetu
647 3019 814 3096 concussit,
845 3028 875 3076 ct
894 3019 1086 3078 Caramonern
1109 3018 1171 3076 eius
1192 3019 1341 3090 Amorum,

242 3109 317 3158 teste
343 3101 475 3162 cedreno
497 3105 574 3163 Hisc
596 3105 778 3184 Comppag.
795 3105 866 3170 642.
884 3103 1077 3184 compescuit.
1121 3102 1179 3160 Ubi
1196 3121 1269 3161 vero
1283 3101 1341 3160 Ni-

241 3184 390 3263 cephorue
402 3187 467 3266 ipse
479 3189 685 3268 adlmperium
696 3198 815 3249 evectus
829 3198 883 3264 est,
895 3209 974 3248 auno
989 3189 1051 3248 eius
1064 3186 1184 3268 Imperii
1196 3185 1343 3267 secundo,

240 3287 343 3328 merres
366 3269 461 3351 lulio,
483 3273 649 3333 Indictione
669 3275 812 3352 septima,
831 3291 939 3350 meguo
958 3273 1130 3352 conscripto
1150 3271 1287 3330 exercitu
1302 3291 1339 3330 eo

136 3401 141 3410 ,
240 3373 273 3412 ee
299 3355 428 3413 contulit
433 3357 646 3436 ,Tereumque
665 3379 700 3416 ac
717 3359 926 3436 hlopsuestiem
945 3357 978 3416 in
993 3379 1075 3418 sunni
1093 3365 1269 3436 potestatem
1286 3371 1340 3414 re-

242 3437 338 3516 degit:
359 3459 555 3520 reversusque
576 3441 867 3522 Constantinopolim
888 3462 988 3502 mense
1009 3442 1151 3516 Octobri,
1173 3439 1340 3500 indictione

241 3543 330 3600 noua,
354 3525 439 3585 Tarsi
457 3535 559 3606 portae
580 3547 616 3586 ec
629 3526 826 3609 Mopsuestiae
846 3547 946 3586 secum
959 3528 1093 3606 adduxit,
1116 3546 1187 3606 quas
1202 3545 1272 3584 curn
1283 3544 1339 3584 ex·

193 3619 197 3626 '
239 3609 388 3669 trinsecus
412 3632 485 3671 auro
508 3612 710 3690 distinxisset,
733 3631 843 3671 munus
864 3613 967 3671 attulit
988 3615 1084 3692 regiee
1100 3611 1166 3672 urbi
1191 3611 1339 3670 dedicau-

241 3693 330 3771 dum,
352 3695 425 3756 eliae
441 3698 478 3757 ad
492 3718 589 3758 arcem
605 3699 812 3774 collocandas,
835 3697 907 3756 alies
920 3697 958 3756 ad
971 3717 1076 3759 aurese
1089 3706 1194 3778 portae
1207 3715 1338 3754 murum.

241 3777 384 3856 Consule,
417 3803 490 3862 quae
512 3785 605 3843 sueius
636 3792 738 3844 namet
765 3783 974 3864 praelaudatus
1001 3785 1151 3844 Cedreuus
1174 3799 1242 3861 pag.
1263 3779 1337 3844 654.

238 3881 295 3921 nec
307 3865 484 3927 nonheonie
501 3869 624 3928 Diaconi
637 3877 779 3952 excerpts
794 3869 874 3950 apud
889 3867 1035 3946 Pagiunr
1025 3891 1059 3929 ιιι
1069 3867 1170 3930 Critic.
1184 3867 1268 3924 Tom.
1283 3864 1336 3926 lx,

236 3953 354 4028 page.
378 3955 429 4018 12

281 4073 373 4134 21
392 4061 528 4151 Ἀραβων
550 4067 656 4154 φυλή]
680 4069 792 4133 Arabae
816 4082 881 4132 tum
898 4081 1027 4148 veteres,
1052 4081 1118 4130 tum
1143 4067 1336 4143 recentiores,

236 4148 496 4302 zmcqffiurcne
509 4158 543 4216 iu
559 4159 663 4239 plures
676 4159 770 4220 luisse
780 4159 878 4220 tribue
890 4157 1049 4218 distinctos
1066 4177 1106 4218 ex
1119 4155 1270 4216 historicis
1285 4171 1336 4214 se
