2959 4850
268 272 347 350 642
469 283 510 354 N·
530 281 576 353 bi.
598 279 797 352 Fonnnttt
817 281 1160 354 nonantulonus

269 443 360 506 semel
369 441 450 524 spnd
460 443 588 504 Graecos
595 441 757 521 scriptores
767 441 909 504 oocmrit.
950 441 1009 504 Hic
1025 451 1124 504 antam
1135 446 1280 525 peculiari
1292 467 1365 510 ma-

269 531 314 610 gis
334 528 550 608 significatione
565 549 622 626 pro
641 526 821 588 advocandis
840 529 879 588 ad
897 503 1011 588 beidam
1023 529 1170 590 militibus
1183 541 1364 612 usurpatum

269 615 406 676 videture
427 613 500 673 adeo
514 623 549 672 ut
562 632 670 693 praeco
684 615 825 674 bellicum
838 614 910 674 tuba
925 633 1032 674 canens
1050 613 1225 694 pbalangem
1239 637 1257 676 a
1272 627 1363 698 septo

268 699 322 760 illo
342 699 542 774 advocaverit,
564 707 594 757 et
608 698 758 777 eduxerit,
779 699 897 779 quaein
910 698 1050 760 barbaros
1062 699 1197 764 irrueret.

353 805 424 868 231.
446 795 526 863 Ἐκεῖ
541 795 575 863 ad
594 799 726 880 nitidae]
747 800 909 860 Pulchrum
923 803 1058 880 proiecto
1073 801 1234 883 Nicephori
1247 813 1364 866 strats-

269 905 352 966 gema
367 884 534 946 collocandi
547 885 579 944 in
594 885 691 944 fronte
705 885 858 964 phalangis
874 888 1009 966 captivos
1022 887 1171 963 barbaros,
1193 900 1227 948 nt
1240 890 1271 947 in
1285 911 1364 948 con·

269 981 374 1053 spectu
388 991 511 1031 suornm
527 969 635 1030 civium
650 981 836 1048 necarentur,
851 972 941 1030 acvel
956 973 998 1031 sic
1012 974 1152 1032 commoti
1168 973 1304 1033 Saraceni
1318 973 1364 1033 ad

267 1078 397 1140 pugnarn
415 1058 495 1118 exire
513 1057 741 1117 concitarentur.
785 1057 887 1116 Sinite
903 1057 975 1137 quid
991 1066 1166 1136 stratagema
1177 1069 1280 1118 contra
1291 1061 1363 1119 sar.

269 1145 322 1204 des
347 1163 363 1200 n
387 1144 465 1224 Cyro
488 1142 685 1221 excogitatum
708 1144 801 1204 refert
820 1143 986 1222 Polyaenus
1001 1145 1128 1222 Stratsg.
1150 1145 1203 1204 lib.
1218 1144 1280 1204 vlt
1292 1164 1362 1224 cap.

267 1233 300 1296 6.
315 1247 395 1288 nom.
411 1233 443 1295 3.

354 1333 426 1396 237.
450 1326 531 1413 Πρός
547 1325 675 1413 τάφρον]
696 1331 788 1391 Fosoa
806 1329 881 1390 baec
897 1330 948 1389 ille
962 1339 1023 1408 est,
1045 1351 1132 1409 qnam
1145 1331 1306 1389 saracenae
1320 1329 1361 1389 ad

270 1412 315 1474 sui
335 1415 498 1476 custodiam
517 1415 652 1476 effodisse
674 1419 717 1477 sic
738 1427 855 1476 enamnt
872 1417 929 1475 Leo
943 1416 1106 1476 Diaconos:
1127 1413 1317 1474 Accedebant
1330 1426 1362 1471 et

270 1497 352 1559 duae
373 1503 406 1560 in
429 1501 529 1560 lutum
548 1523 641 1582 quam
662 1505 791 1560 maxime
813 1500 924 1560 ductae
934 1502 1053 1579 fonsae,
1075 1512 1167 1579 atque
1174 1499 1360 1578 profundae,

270 1606 334 1664 qua
348 1583 483 1665 undique
495 1589 713 1644 munimntum
720 1597 921 1666 praestarent.
953 1585 1019 1648 Vid.
1034 1587 1102 1666 Peg.
1116 1585 1187 1644 crit.
1202 1586 1235 1643 in
1251 1585 1359 1647 anast

268 1669 375 1730 Baton.
390 1671 472 1733 Tam.
492 1671 542 1730 111.
558 1691 624 1752 pag.
642 1672 712 1737 874.

354 1775 424 1840 239.
447 1771 523 1852 nat]
545 1773 589 1832 lta
609 1773 723 1832 Codex:
746 1781 776 1832 et
790 1771 834 1832 sic
848 1792 966 1852 qnoque
979 1771 1018 1832 ad
1029 1792 1112 1833 oram
1125 1771 1250 1854 paginae
1262 1734 1362 1830 coiri·-

269 1854 398 1936 gendum
420 1855 574 1917 adnotavit
596 1857 761 1919 Cornelius.

352 1959 424 2026 256.
447 1957 636 2040 Παρῤησίαν]
660 1960 701 2020 De
712 1955 836 2033 viribus,
858 1957 909 2018 vel
926 1957 963 2017 da
977 1957 1069 2018 animi
1082 1957 1195 2018 virtute
1208 1955 1363 2037 explican-

268 2041 337 2104 dsm
349 2043 428 2105 banc
444 2065 547 2106 vocem
562 2065 723 2120 censemus,
746 2063 780 2102 eo
794 2063 898 2122 nempe
915 2063 1014 2118 sensu,
1035 2063 1096 2121 quo
1112 2044 1193 2104 iliam
1210 2041 1364 2120 significa·

266 2127 349 2188 tione
371 2129 428 2190 sibi
442 2131 537 2190 minus
557 2130 679 2211 propria
693 2127 856 2188 adhibitam
869 2129 957 2188 inisse
969 2128 1074 2188 scribit
1090 2127 1291 2188 Pbavorinns:
1310 2121 1364 2189 Ta

267 2195 428 2278 rainaudi
450 2219 686 2296 κατὰχρηστικῶς
704 2213 815 2296 didita
835 2213 988 2296 modiatio
1006 2211 1059 2275 nai
1079 2208 1113 2276 ad
1131 2208 1249 2294 θᾶρόος
1268 2209 1364 2292 naid

156 2289 214 2346 ⁰⁰¹·
232 2291 250 2348 2
267 2296 395 2372 ἕξουσία.
426 2301 474 2360 Ex
485 2301 543 2360 lico
559 2312 661 2360 autem
672 2321 728 2378 per
742 2299 916 2358 abusionem
931 2297 1084 2380 παῤῥησία
1097 2296 1182 2357 dicta
1197 2309 1238 2355 est
1251 2309 1278 2354 et
1291 2298 1365 2355 ani

266 2385 311 2441 mi
330 2385 444 2464 outae,
464 2397 493 2447 et
507 2386 595 2457 vires.
639 2384 757 2467 [Caesen
769 2403 834 2445 non
847 2383 975 2467 amplius
989 2382 1112 2446 audebit
1122 2403 1170 2445 res
1183 2405 1200 2442 a
1211 2402 1245 2442 sa
1263 2391 1362 2463 gestas

265 2466 384 2529 iactare.

350 2468 423 2621 2610.
445 2549 556 2629 Κόζικε
580 2546 816 2637 acceptaque]
841 2552 884 2613 De
905 2552 1006 2633 Cyzici
1026 2551 1180 2615 obsidione
1200 2574 1218 2611 a
1239 2549 1364 2611 Mithri-

266 2636 334 2699 date
348 2639 444 2719 posita
459 2641 518 2719 agit
531 2640 634 2701 Cicero
644 2660 701 2719 pro
717 2640 799 2719 Lege
814 2638 949 2696 Manilia
961 2637 993 2697 in
1006 2638 1166 2719 principio,
1188 2636 1238 2697 ubi
1251 2638 1283 2695 L
1296 2638 1363 2695 Ln-

267 2723 340 2783 cnlli
363 2726 479 2803 laudea,
502 2726 555 2805 qni
579 2725 719 2807 Cyzicum
736 2724 773 2783 ab
787 2724 1007 2803 oppugnatione
1019 2722 1198 2783 Mithridatis
1216 2722 1363 2799 liberavit,

265 2810 447 2889 perstringit.
492 2810 602 2871 Verum
620 2810 744 2891 propius
758 2808 848 2868 hosce
861 2828 964 2868 versos
977 2808 1111 2869 illustrat
1127 2809 1282 2889 Appianus
1295 2806 1364 2865 Ale·
1452 2853 1458 2863 ,

182 2890 185 2899 ’
266 2893 430 2955 xandrinns
450 2891 487 2954 de
510 2896 585 2955 bello
605 2892 818 2956 Mithridatico
845 2913 875 2973 p·
889 2898 961 2961 221.
982 2912 1034 2952 sen
1054 2894 1093 2953 al.
1112 2896 1187 2959 371.
1209 2891 1259 2972 qni
1280 2890 1362 2950 urbia

266 2977 441 3041 incendium
465 2981 620 3059 describit,
649 2980 730 3062 qnod
747 2978 799 3039 bic
820 2988 965 3039 memorat
985 2978 1176 3037 Theodosius.
1217 2978 1264 3037 lta
1282 2976 1363 3035 enim

266 3062 382 3141 inquit:
412 3066 487 3127 nat
503 3063 573 3129 scida
596 3060 698 3141 adroic
717 3058 948 3145 oepmouoiaara
963 3059 1002 3143 dei
1018 3066 1266 3137 coronatorem,
1281 3056 1364 3141 ’ὅμως

266 3167 302 3293 a
313 3151 370 3303 tt
377 3142 1366 3311 ruituri:deterrimarum

610 3260 620 3297 s
761 3278 771 3308 ,
1291 3292 1300 3315 ,

267 3308 404 3395 diuum
424 3316 456 3380 oi
467 3259 646 3399 benamu.
676 3258 843 3377 WAuamen
864 3330 979 3375 omnem
997 3318 1130 3377 laborem
1141 3318 1366 3395 patientissime

262 3400 409 3480 serenta,
431 3402 547 3481 efficere
560 3426 619 3462 non
637 3413 814 3483 potuerunt,
829 3404 902 3481 quin
919 3424 998 3480 pars
1009 3406 1158 3461 morsuum
1174 3412 1282 3460 exusta
1294 3421 1366 3458 cor-

266 3496 364 3545 rueret
384 3486 441 3546 sub
461 3508 630 3567 vesperam:
652 3486 707 3549 sed
719 3498 845 3568 propter
863 3488 994 3545 colorem
1016 3485 1151 3547 incendii
1167 3508 1250 3547 nemo
1266 3487 1366 3545 austi-

266 3574 337 3631 nuit
353 3574 535 3653 irrumpere:
555 3596 660 3635 uerum
681 3577 741 3656 ipei
762 3572 899 3651 cyziceni
911 3585 1004 3632 noctu
1016 3572 1246 3633 abstruxerunt
1256 3574 1365 3629 muni·

265 3659 376 3715 tionem
400 3658 507 3725 aliam.

266 3841 308 3901 co
347 3765 422 3903 3161.
443 3754 633 3862 iconpmeic]
655 3762 702 3823 Ita
724 3761 800 3824 bene
819 3760 1042 3823 emendandum
1063 3760 1123 3819 iam
1142 3757 1258 3821 viderat
1273 3757 1364 3817 etiam

309 3862 346 3902 rn
375 3864 431 3911 rus.

350 3931 423 3995 265.
445 3928 570 4011 Εἶπεῖν]
592 3932 638 3991 Its
658 3940 737 3993 certe
753 3931 911 4010 legendnm
930 3940 990 4008 ast,
1011 3950 1075 3991 non
1094 3924 1196 4001 einos,
1217 3936 1254 3987 nt
1267 3925 1364 3986 edidit

261 4012 433 4161 εῡπῐὲἑῧΰῦ,
455 4017 506 4094 qui
527 4018 743 4083 montineto
765 4018 972 4096 reponendum
994 4036 1074 4095 ease,
1095 4025 1126 4075 et
1142 4016 1207 4094 ipse
1230 4011 1362 4072 adnota-

346 4188 418 4251 271.
438 4182 490 4257 Ὦς
506 4178 545 4247 dv
560 4184 665 4270 βαδίζῃ
682 4184 757 4269 grip]
780 4186 828 4247 Ex
843 4184 891 4245 his
910 4185 1030 4245 dnobns
1048 4180 1207 4242 Theodosii
1226 4178 1361 4241 versibus

262 4276 364 4346 inette
383 4268 552 4361 colligitur,
573 4288 642 4330 enm
663 4272 712 4335 vel
732 4270 901 4354 scripsisse,
922 4270 973 4334 vel
995 4278 1075 4331 certa
1094 4266 1285 4329 conscribere
1303 4284 1361 4325 vc·
