2959 4850
409 366 418 390 .
460 316 522 389 AD
541 315 834 399 mortuorunt
849 318 1045 392 PHOCAM.
1208 311 1286 390 871

195 500 279 560 mut,
300 477 436 558 obedire,
457 478 562 541 rudirt
578 498 651 556 vos,
672 496 799 559 quorum
819 472 916 564 copiis
935 502 999 543 non
1013 480 1103 543 surlet
1118 480 1287 545 adamo-

182 600 248 647 ·sns
268 600 436 645 occurrere.
479 580 562 660 lloc,
583 582 726 663 inquam,
740 591 801 661 eat,
822 584 907 665 quod
921 604 977 645 nos
993 584 1160 667 Apostoliri
1169 585 1288 646 Domini

195 694 227 747 ct
246 682 464 745 commilitones
489 684 586 745 noros·
611 684 708 746 iacere
727 684 845 750 volunt.
886 686 956 747 lion
975 694 1020 747 est
1040 706 1058 745 ι
1079 686 1200 748 Grsecis
1218 688 1314 749 lto-lt

193 806 299 849 manns
316 785 388 848 vitis
408 786 554 849 tenendm
573 787 676 867 locus,
703 786 776 869 quia
791 789 913 851 recasnt
932 788 1005 849 iurle
1022 788 1191 872 Imperator
1210 791 1289 851 l'on·
1361 822 1366 837 ·

194 888 362 965 stantium
383 908 487 951 verum
516 909 551 951 eo
575 890 668 971 magis
690 892 848 970 colendus,
875 889 1078 970 renuendos,
1106 892 1286 970 adorandus,

195 992 265 1075 quis
286 1000 435 1054 venerunt
453 992 528 1051 illuc
548 991 688 1073 Apostoli
706 994 845 1055 doctores
856 993 975 1073 Sancti,
992 995 1098 1054 Petrus
1120 1004 1150 1055 et
1170 994 1288 1056 Psulus.

65 1136 68 1143 ·
194 1094 239 1159 Ac
254 1094 291 1155 da
304 1093 351 1154 lris
365 1094 436 1154 satis
453 1114 501 1153 me
515 1095 667 1175 scripsisse
680 1097 821 1176 sufficiat,
843 1097 938 1159 donec
952 1097 1014 1159 Deo
1032 1096 1189 1177 largiente,
1210 1096 1289 1155 Sarr-

194 1196 455 1277 ctissimornmque
467 1196 680 1278 Apostolorum
702 1198 904 1280 oratiomlrns,
925 1200 1158 1261 exGrsecorum
1169 1206 1290 1280 ereptus

194 1300 341 1377 menibus,
360 1320 415 1359 vos
427 1296 540 1359 adeam.
581 1302 621 1361 Et
630 1310 706 1365 tunc
716 1324 780 1363 nou
792 1302 908 1364 taedeat
919 1300 1028 1381 dicare,
1050 1301 1131 1383 quod
1142 1300 1195 1360 hic
1206 1319 1291 1361 nnuc

194 1401 292 1484 piguit
312 1400 459 1478 scribere3
493 1421 577 1463 nmrc
599 1402 637 1463 ad
659 1405 848 1486 propositum
867 1403 1033 1465 redeamus.
1081 1403 1197 1464 octavo
1219 1402 1292 1463 ldrrs

195 1502 365 1565 Decembris
381 1504 539 1565 Leucatam
559 1505 711 1583 venimus,
732 1506 786 1567 ubi
806 1508 844 1567 ab
857 1506 1008 1589 Episcopo
1029 1504 1125 1587 ipsius
1143 1504 1206 1565 loci
1222 1504 1289 1565 Eu·
1303 1506 1336 1560 P.
1353 1502 1406 1563 489
1468 1528 1472 1535 ’

136 1656 150 1673 .
194 1606 296 1669 nucleo
302 1654 312 1684 ,
333 1606 411 1667 sicut
423 1617 453 1667 et
466 1606 578 1686 ubique
595 1607 634 1667 eb
650 1608 735 1688 aliis,
756 1607 1002 1670 inhumanissime
1021 1609 1155 1691 suscepti
1172 1618 1207 1687 et
1227 1618 1289 1670 na-
1304 1575 1396 1634 0οΗ

195 1710 269 1771 ctati
288 1728 398 1771 sumus.
440 1710 476 1769 ln
499 1710 581 1769 omni
604 1710 746 1789 Graecia,
773 1709 933 1772 veritatem
954 1710 1043 1788 dico,
1068 1730 1133 1771 non
1151 1710 1291 1784 mentior,

194 1832 258 1875 non
274 1812 373 1894 reperi
392 1810 553 1892 hospitales
571 1812 746 1895 Episcopos.
786 1814 903 1875 Divites
920 1822 1008 1892 sunt,
1033 1832 1180 1894 pauperet
1203 1820 1291 1874 suutt

195 1916 305 1977 olivitas
330 1916 444 1994 aureis,
474 1914 580 1995 quibus
602 1916 691 1997 plena
711 1915 828 1977 luditur
850 1935 937 1977 arca:
966 1935 1111 1998 prupcres
1130 1914 1290 1991 ministris,

195 2038 250 2078 seu
268 2018 456 2081 utensilibus.
499 2018 563 2078 soli
578 2018 729 2079 mensulae
743 2018 873 2095 sssiderrt
891 2017 1006 2095 undae,
1027 2017 1229 2099 paximacium
1242 2010 1291 2099 ⁴⁰)
1375 2032 1381 2040 ’

196 2120 253 2180 srlri
273 2129 473 2201 sppouerrtes,
495 2120 661 2201 balneaque
676 2129 752 2181 tunc
775 2119 855 2180 vitro
879 2116 1053 2199 permodico
1076 2138 1139 2180 non
1157 2117 1293 2177 bibentes

196 2222 249 2283 sed
263 2222 461 2283 sorbillantes.
502 2223 563 2304 lpsi
581 2222 736 2300 rendunt,
757 2220 818 2303 ipsi
828 2230 931 2282 emunt
937 2243 948 2300 5
969 2220 1046 2282 ostia
1058 2220 1118 2300 ipsi
1135 2218 1292 2297 claudupt,

196 2324 256 2407 ipsi
274 2325 413 2407 aperiunt
420 2352 430 2404 3
458 2325 517 2407 ipsi
538 2324 681 2407 dapiferi,
708 2324 768 2406 ipsi
794 2334 949 2404 agatoucs,
976 2322 1037 2405 ipsi
1053 2342 1181 2403 capones
1188 2343 1198 2399 ;
1228 2318 1292 2399 sei,

196 2427 253 2509 lia,
281 2448 432 2512 caupones
453 2428 537 2490 volni
559 2429 703 2502 scribere,
730 2447 837 2490 verum
863 2448 913 2489 res
938 2427 1019 2510 ipsa,
1048 2445 1123 2508 qnae
1143 2445 1216 2488 vers
1237 2431 1293 2503 est,

127 2573 131 2580 .
198 2532 354 2595 rerr'trrem
370 2531 458 2592 ctiam
474 2532 625 2593 nolentem
640 2530 787 2612 compulit
797 2529 941 2593 scriberet
963 2529 1090 2590 dicimus
1107 2526 1202 2603 euim,
1223 2524 1294 2605 quia

198 2651 328 2714 capones
338 2643 424 2712 sunt,
444 2632 477 2693 id
493 2643 537 2694 est
552 2633 699 2714 eunuchi,
721 2632 805 2715 quod
818 2634 995 2694 canonicum
1014 2640 1152 2692 nonest:
1174 2637 1247 2688 sunt
1261 2625 1319 2689 etB

198 2754 366 2818 caupones,
387 2734 419 2795 irl
436 2745 480 2796 est
493 2734 668 2815 tabernarii,
690 2736 773 2816 quod
787 2746 893 2798 contre
906 2737 1040 2796 canoro
1054 2742 1116 2797 est:
1137 2745 1265 2816 quorum
1279 2831 1285 2836 ι

326 2855 441 2934 Incipit
461 2864 489 2912 at
503 2853 625 2914 claudit
639 2875 761 2915 coenum
776 2855 901 2914 lactem
915 2865 1056 2929 toracem,

330 2937 478 3000 clauom
499 2961 578 3020 quar
593 2961 701 3000 comcs
713 2942 838 3000 lactuca
850 2939 968 3000 solebat
981 2957 1121 3000 avorum.

199 3055 313 3118 Felices
336 3077 402 3136 eos,
432 3059 456 3117 si
475 3068 681 3140 paupertatem
704 3059 817 3120 Christi
838 3059 915 3120 lraec
936 3057 1120 3131 imitaretur,
1148 3067 1294 3135 pauperes

199 3161 374 3220 iudicarem.
417 3159 501 3220 Freit
513 3157 573 3220 hoc
584 3182 669 3242 asper
682 3182 822 3223 nummus
829 3207 840 3241 ,
861 3171 893 3224 et
908 3159 973 3222 auri
987 3179 1072 3221 sacra
1086 3157 1189 3218 fames.
1233 3153 1296 3215 Ve-

199 3285 268 3326 rum
289 3271 395 3346 parcet
416 3261 478 3322 illis
493 3263 581 3324 Deus.
622 3263 689 3324 Hoc
710 3285 744 3324 eo
762 3264 833 3324 illos
851 3273 926 3345 puto
943 3263 1060 3335 facere,
1084 3256 1227 3339 quoniam
1240 3275 1297 3317 co·

199 3385 269 3428 rum
284 3365 433 3426 Ecclesiae
447 3347 518 3426 sunt
535 3365 717 3427 tributariae
738 3367 932 3428 leucatensis
945 3363 1021 3426 milri
1038 3359 1153 3423 iuravit
1169 3357 1297 3439 Episco-

200 3487 273 3550 pus,
296 3469 454 3548 quotannis
466 3469 629 3529 Ecclesiam
646 3489 730 3529 suam
750 3470 855 3531 ‹lebare
869 3467 1039 3550 Nicephoro
1056 3480 1161 3522 aurcos
1174 3469 1296 3522 centurn

201 3571 387 3651 persolvere,
409 3571 548 3632 similiter
567 3581 598 3630 et
626 3581 757 3632 caeteras
777 3573 848 3654 plns
865 3571 1017 3646 minusve,
1039 3563 1204 3632 secuudum
1216 3562 1295 3624 omes

202 3689 279 3735 suas.
322 3671 413 3747 Quod
429 3693 518 3753 quem
532 3671 670 3752 iniquum
685 3673 739 3750 ait,
761 3672 948 3734 &nemesimi
958 3668 1055 3732 Patris
1075 3663 1173 3727 nostri
1187 3661 1297 3745 loseph

203 3781 269 3830 acte
284 3773 507 3852 demonstrant3
529 3775 600 3854 quir
614 3795 683 3836 cum
695 3776 865 3857 Aegyptum
877 3783 972 3835 totam
987 3769 1076 3833 famis
1088 3776 1223 3848 tempore
1235 3763 1297 3827 tri·

202 3871 349 3936 butariam
362 3876 525 3937 Pharaonis
537 3877 658 3956 faceret,
680 3876 876 3939 Sacerdotum
884 3886 996 3938 terram
1010 3869 1156 3934 atnlsuto
1171 3868 1324 3932 thorno

203 3995 267 4035 esse
282 3977 427 4057 permisit.
469 3977 564 4058 Igitur
575 3978 690 4039 decimo
702 4000 784 4040 nono
795 3980 864 4042 Kal.
880 3977 1051 4040 Decembris
1064 3973 1223 4032 lreucatcm
1240 3988 1297 4031 ax·

204 4088 317 4158 euntes,
339 4081 465 4161 ipsique,
487 4080 644 4162 quonism,
656 4091 694 4143 ut
711 4081 849 4174 superius
862 4082 1048 4166 scripsimus,
1061 4087 1171 4144 murro
1183 4077 1298 4158 effuge·

238 4275 773 4352 to)1‹tartpraesarrorotm.etsr.
