2959 4850
589 287 844 360 emmeno.
1018 233 1023 240 ’
1144 269 1247 358 nm'

139 439 286 523 scriptore
302 443 433 538 primum
454 445 578 510 edendo.
623 446 679 508 Ubi
691 449 754 510 tere
776 447 845 530 bari
851 471 914 512 non
927 459 1045 534 potest,
1072 452 1146 533 quin
1161 474 1231 536 pars

138 544 316 606 mendorum
336 549 478 612 codicem
505 549 770 613 contaminantinm
789 553 972 634 diligentiam
994 553 1044 616 vel
1065 555 1231 617 minutim-

136 664 218 704 Μ
232 645 365 728 effugiat,
392 652 486 734 inque
506 652 603 734 ipsam
623 652 784 716 editionem
802 656 958 720 redundet.
999 657 1044 716 lta
1066 658 1150 737 quod
1168 669 1232 722 erat
1254 631 1261 648 ¹

132 747 290 828 reliquum
304 755 435 831 tentavi,
462 765 497 816 nt
517 775 591 836 quaa
609 776 740 837 possem,
762 757 941 820 coniecturis
955 767 985 820 et
1000 761 1231 840 comparationi-

132 847 194 910 bus
213 854 417 936 emendarem,
445 860 555 920 collato
569 860 701 920 Gedreno
725 869 756 921 et
769 859 913 941 Scylitae,
942 861 992 940 qui
1017 863 1171 944 complura
1190 885 1230 926 ex

130 951 236 1015 leone
248 955 423 1021 adverbum
438 961 471 1021 in
492 961 632 1024 historias
652 981 720 1022 snas
738 965 959 1025 transtulerunt
980 958 1054 1048 (vid.
1076 985 1165 1047 supra
1184 987 1228 1028 11.

130 1053 167 1115 1).
182 1076 217 1118 x.
234 1057 272 1120 Δ.
287 1059 367 1122 inira
382 1063 454 1132 225.
467 1060 534 1144 Ad:
555 1073 721 1146 postremo,
743 1084 819 1144 quae
831 1065 909 1126 ratio
934 1075 964 1125 et
984 1065 1122 1128 doctrina
1136 1088 1229 1148 prae·

130 1157 268 1220 scribere
287 1161 482 1243 videbantur,
511 1185 544 1228 ea
567 1187 625 1250 pro
650 1166 793 1230 bonitate
814 1168 848 1228 in
870 1167 1076 1230 constituenda
1096 1168 1230 1230 oratione

130 1263 252 1327 Graeca
265 1277 389 1330 conatus
403 1289 469 1330 aum
482 1279 639 1350 praestare.

220 1362 259 1433 Χ.
281 1371 427 1432 Libellum
445 1370 516 1454 napi
530 1373 727 1456 παραδρομῆς
738 1369 888 1453 πολέμου,
909 1368 947 1433 de
967 1371 1141 1435 velitatione
1165 1373 1229 1434 bel-

126 1469 211 1548 licae,
234 1471 333 1534 adbuc
349 1472 512 1548 ineditum,
535 1475 666 1536 secundo
683 1477 753 1536 loco
773 1474 936 1552 collocavi,
956 1484 993 1535 ut
1004 1472 1157 1536 historiam
1175 1495 1228 1555 ge-

126 1581 249 1637 sturum
264 1575 461 1656 aNicephoro
474 1575 550 1656 Aug.
571 1596 674 1640 rerum
695 1576 819 1660 scriptio
839 1576 970 1637 eiusdem
989 1575 1073 1637 iussu
1093 1577 1229 1638 confecta

126 1674 295 1758 campen.
333 1679 430 1752 Quam
442 1698 504 1738 non
516 1678 631 1760 abipso
643 1679 812 1761 Nicephoro
825 1679 932 1740 litteris
944 1677 1146 1760 consignatam
1154 1697 1228 1756 esse,

125 1779 385 1856 quemadmodum
408 1779 555 1842 Manrains
579 1782 766 1844 existimabat
784 1782 887 1865 (conf.
905 1782 1042 1844 lambec.
1065 1783 1227 1842 comment.

125 1879 167 1942 dae
180 1882 265 1946 Bibl.
282 1883 363 1943 Caes.
378 1881 443 1946 Vll.
461 1882 533 1949 483.
547 1881 611 1966 Β.),
631 1905 700 1948 cum
715 1905 755 1946 ex
769 1885 910 1946 universo
933 1905 1021 1968 opere
1034 1885 1228 1968 perspicitun*

123 1992 194 2044 tum
207 2005 281 2048 vero
296 1984 407 2068 apertis
421 1984 521 2046 verbio
532 1987 588 2048 sub
602 1985 691 2048 hem
704 1988 896 2070 praelationis
910 1993 981 2055 119.
1000 1990 1034 2050 Δ.
1047 1988 1227 2048 declaratur.

123 2084 189 2146 ttec
201 2096 322 2166 tamen,
343 2088 370 2147 ai
384 2089 421 2149 de
440 2087 560 2148 nomine
579 2089 733 2170 scriptoris
755 2111 818 2150 non
838 2090 982 2151 babemus
1005 2091 1088 2170 qnod
1107 2089 1229 2170 liqueat,

123 2186 163 2248 de
175 2197 320 2272 tempore
332 2209 392 2271 quo
408 2191 563 2250 conlectus
577 2188 617 2248 sit
635 2189 661 2248 is
675 2191 925 2270 Commentarius,
947 2190 1094 2251 dubitatio
1110 2187 1229 2248 infinita

124 2309 187 2350 esae
208 2303 323 2376 potest.
371 2291 422 2354 tit
442 2300 562 2370 auctor,
593 2289 727 2371 quiaquia
747 2301 793 2352 est
812 2293 878 2370 ille,
903 2313 923 2352 a
939 2291 1109 2373 Nicephoro
1129 2289 1228 2352 Pbooa

122 2391 206 2473 lmp..
220 2394 392 2455 mandatum
404 2391 461 2454 sibi
475 2413 555 2472 esse,
575 2401 612 2453 ut
624 2413 716 2474 genus
729 2393 791 2456 hoc
803 2396 941 2460 'bellandi
959 2395 1110 2477 scriptura
1128 2411 1227 2475 perse-

123 2508 287 2578 qnsaretur.
329 2495 422 2561 Illum
446 2505 546 2555 autern
567 2496 604 2556 ob
626 2516 674 2557 res
694 2497 770 2558 bene
794 2506 889 2577 gestas
911 2496 1052 2558 laudibus
1070 2496 1107 2557 iis
1131 2495 1226 2574 effert,

123 2598 240 2677 qo'abus
252 2619 399 2681 quemque
412 2598 585 2659 memoriam
598 2598 661 2658 eius
672 2618 840 2677 renovasse,
853 2599 1010 2680 superstite
1021 2607 1051 2660 et
1061 2599 1228 2679 imperanto

121 2720 305 2780 percrueore
318 2702 382 2763 eius
398 2700 508 2761 Ioanne
519 2700 679 2779 Trimisce,
699 2699 755 2761 vix
769 2710 814 2767 est
827 2700 1017 2762 credendum.
1046 2699 1162 2761 Etenim
1173 2720 1224 2761 re-
1247 2704 1276 2761 l’.
1293 2708 1338 2761 tu

121 2801 248 2880 pantini
260 2802 405 2882 homines,
413 2824 448 2863 ac
457 2824 510 2885 per
521 2802 617 2863 scelus
630 2802 668 2863 ad
682 2822 795 2863 summa
809 2802 913 2880 evecti,
926 2822 985 2882 quo
998 2802 1149 2863 uberiores
1162 2802 1227 2862 fru-

124 2904 317 2985 ctuapatrsti
329 2904 470 2968 facinoris
482 2904 863 2985 capiunt,eovehementina
872 2904 935 2964 eius
947 2903 1227 2963 commemoratione

123 3017 364 3070 commoventur.
387 3008 457 3069 ldeo
471 3006 604 3066 adducor
614 3017 650 3067 nt
663 3005 790 3084 credam,
803 3006 913 3089 scripta
927 3026 960 3067 ea
970 3006 1087 3067 demum
1098 3006 1161 3065 esse
1171 3004 1226 3065 sub

122 3107 241 3169 Basilio
254 3120 285 3170 et
298 3108 502 3186 Constantino,
515 3126 617 3169 rerum
629 3106 733 3189 potitis
745 3127 771 3167 a.
783 3113 854 3176 976.
869 3108 993 3198 Accedit
1006 3108 1095 3190 quod,
1110 3105 1229 3187 quoties*

124 3210 276 3293 principis
290 3213 327 3273 fit
340 3211 462 3285 mentio,
477 3210 565 3270 toties
575 3220 680 3272 auctor
691 3231 814 3273 numero
835 3207 949 3292 plurali
961 3211 1077 3271 utittnt
1098 3208 1131 3274 oi
1143 3202 1224 3291 ἅγιοι

124 3310 217 3395 ἡμῶν
230 3316 361 3395 βασιλεῖς
377 3314 448 3381 155.
462 3313 493 3374 C.
510 3316 573 3376 coia
587 3311 681 3395 ἁγίων
696 3310 842 3395 βασιλέων
858 3312 928 3379 165.
944 3311 979 3373 Α.
1003 3316 1066 3376 coia
1077 3306 1223 3393 βασιλέων

124 3413 218 3496 ἡμῶν
229 3421 291 3479 aeia
305 3415 400 3499 ἁγίων
416 3414 486 3482 164.
502 3416 534 3475 C.
549 3415 631 3495 quod
649 3415 683 3475 in
703 3414 885 3495 geminatum
902 3413 1006 3474 basilii
1026 3422 1057 3474 et
1073 3414 1224 3475 coustan-

125 3516 185 3577 tini
197 3518 359 3598 imperium
372 3518 519 3598 quadrare
531 3524 598 3597 apte
612 3517 743 3579 videtur.
784 3516 933 3577 Habemus
950 3514 1041 3595 igitur
1054 3514 1087 3575 in
1101 3513 1162 3575 hoc
1180 3512 1225 3571 li-

126 3618 206 3679 bello
231 3621 429 3701 perscriptam
451 3618 611 3697 notitiam,
648 3618 898 3699 quemadmodum
920 3618 1038 3678 saeculo
1064 3633 1096 3676 x.
1124 3612 1225 3675 medio

125 3730 181 3781 aut
195 3732 322 3783 exeunte
335 3744 352 3781 a
366 3722 487 3783 Graecis
497 3721 547 3781 vel
560 3718 821 3781 administrabatur
832 3721 944 3780 bellum
955 3720 990 3779 in
1001 3716 1112 3799 asperis
1123 3714 1224 3789 Tauri,

124 3821 295 3899 animun,
316 3824 423 3883 Amani
436 3824 527 3899 locis,
548 3822 601 3883 vel
616 3822 818 3883 administrari
836 3821 992 3882 debuisset.
1032 3820 1076 3881 Ea
1096 3839 1158 3879 una
1177 3836 1225 3877 me

125 3926 278 4003 permovit
287 3926 381 4003 ratio,
403 3934 439 3986 ut
452 3924 484 3985 in
498 3924 641 3984 volumen
653 3916 732 3984 istuc
749 3925 912 4008 reciperem
926 3922 1121 4004 opusculum,
1143 3917 1225 3999 quod

125 4024 187 4085 nisi
198 4047 256 4107 pro
276 4026 489 4087 commentario
502 4026 625 4087 militari
641 4027 674 4087 in
695 4010 900 4110 expeditiones
913 4026 1031 4087 Phocoe
1044 4021 1222 4084 Tzimiacae-

128 4146 188 4207 que
200 4149 218 4188 a
230 4131 331 4191 Leone
345 4148 499 4210 expressas
512 4128 622 4189 babere
635 4128 727 4209 velis,
749 4128 883 4211 alioquin
896 4128 985 4190 facile
995 4127 1107 4201 lateor,
1128 4140 1224 4200 neque

125 4247 228 4291 rernm
243 4230 348 4311 copia,
368 4250 465 4311 neque
484 4226 617 4293 auctoris
629 4230 783 4312 doctrina,
802 4231 912 4293 nedum
927 4226 1070 4309 elegantia
1090 4221 1222 4300 dicendi,
