2959 4850
399 967 647 1044 HENRICI
679 967 907 1047 CANISII
944 1005 950 1014 ·
1103 1059 1108 1068 ο

220 1151 1180 1271 PRAEFATIO·

634 1359 691 1411 AD
749 1356 754 1364 ’

199 1559 202 1568 .
294 1491 1008 1566 LUITPRANDILEGATIONEM.
1105 1566 1108 1572 .

115 1887 320 2016 [rogationem
333 1937 413 1999 hanc
429 1931 609 2022 luitprandi
625 1945 830 2007 Cremonensis
837 1943 980 2029 Episcopi
992 1939 1152 2023 descripsit
1165 1959 1204 2000 ex

117 2042 212 2102 Codice
222 2041 430 2124 manuscripto
442 2043 649 2128 Bibliothecae
657 2048 816 2130 primariae
829 2049 910 2110 sedis
922 2042 1111 2119 'Trevirenait
1125 2045 1161 2104 ll.
1169 2043 1204 2104 P.

116 2143 532 2226 ChristophorusBrowerus,
546 2149 696 2210 societatis
711 2151 779 2212 Iesu
793 2152 946 2229 sacerdos,
968 2146 1153 2227 antiquitatis
1165 2143 1206 2204 il-

114 2246 278 2308 lustrandae
300 2247 553 2327 studiosissimus,
575 2271 697 2332 eamque
709 2252 747 2312 ad
762 2271 949 2313 communem
969 2251 1056 2310 illum
1070 2247 1206 2309 omnium

115 2349 292 2411 eruditorum
313 2350 442 2410 amioum
462 2351 597 2412 Marcum
617 2353 772 2414 Velaerum
788 2353 855 2416 Vll.
877 2354 978 2415 virum
998 2352 1206 2432 Augumnum
1278 2385 1283 2395 ·

113 2452 196 2532 misit3
217 2454 291 2514 inde
309 2453 372 2514 huc
384 2456 515 2537 perlata,
536 2476 621 2517 nunc
642 2458 763 2517 undem
779 2466 850 2539 post
865 2466 913 2519 tot
928 2456 1045 2518 saecula
1065 2475 1105 2515 ex
1119 2464 1206 2515 tene-

113 2556 208 2618 briain
228 2556 386 2641 'publicum
403 2558 476 2619 exit.
518 2557 593 2635 Quia
608 2560 811 2643 Luitprandua
825 2560 879 2620 hic
891 2560 1001 2638 suerit,
1025 2568 1107 2619 certo
1122 2558 1204 2618 affir-
1277 2602 1282 2616 .

113 2680 184 2721 mare
200 2682 265 2722 non
280 2660 384 2721 susim.
425 2662 529 2722 Fuisse
543 2663 709 2724 Ticinenais
731 2662 883 2724 Ecclesiae
900 2662 1033 2724 Lavitam
1047 2670 1078 2723 et
1094 2661 1204 2721 Diaco-

113 2784 176 2823 num
200 2758 304 2849 (cuius
322 2772 426 2824 extant
445 2764 517 2825 libri
534 2786 586 2825 sex
601 2786 701 2826 rerum
716 2766 753 2826 ab
772 2766 910 2848 Europae
922 2762 1152 2847 imperatoribus
1173 2772 1205 2825 at

114 2866 229 2945 Regibus
241 2864 414 2948 gestarum),
422 2868 551 2928 suadent
562 2887 631 2927 cnm
640 2867 707 2947 alia,
719 2878 785 2929 tum
796 2868 876 2929 idem
885 2889 1009 2950 prorsus
1022 2865 1141 2927 dicendi
1154 2886 1204 2945 ge-

114 2989 173 3033 nua.
207 2969 324 3030 Deinde
339 2972 421 3051 quod
441 2970 613 3052 opinionem
630 2970 710 3030 hanc
722 2971 969 3032 verisimillimam
987 2970 1097 3046 reddit,
1117 2968 1205 3030 Lutt-

112 3072 237 3151 prandus
259 3082 364 3133 noster
376 3073 423 3133 bis
438 3094 470 3133 aa
491 3073 752 3155 Constantinopoli
764 3074 941 3153 legationem
959 3070 1067 3133 obiisse
1083 3070 1205 3149 asserit;

114 3173 242 3253 primam,
266 3195 335 3235 cum
347 3174 445 3237 adhuc
457 3174 606 3275 Diaconos
620 3184 708 3255 esset,
728 3176 906 3238 auctoritate
918 3174 1104 3255 Bareagsrii,
1124 3184 1205 3235 tem-
1310 3201 1312 3206 ·
1393 3160 1395 3164 ’

113 3294 179 3355 pore
193 3276 385 3337 Constantini
405 3278 587 3341 Graecorum
600 3279 810 3361 imperatoris3
831 3288 936 3361 postea
948 3278 1092 3355 alteram,
1116 3296 1206 3337 men-
1305 3270 1308 3275 ’
1410 3272 1416 3284 ’

113 3376 176 3437 dato
199 3379 323 3440 Ottonia
348 3380 449 3461 Magni
470 3389 500 3443 et
519 3381 576 3443 filii
598 3384 662 3444 eiua
683 3392 713 3443 et
732 3382 839 3443 uxoris
858 3379 1041 3443 Adelheidae
1058 3378 1096 3439 ad
1115 3376 1206 3439 Nica-

112 3479 237 3560 phorum
250 3482 397 3560 Phoceus,
420 3484 470 3564 qui
484 3494 605 3545 mortuo
622 3489 757 3547 llomano
772 3483 836 3545 filio
849 3482 996 3567 praedicti
1010 3479 1207 3542 ,Constantini

113 3582 268 3665 lmparium
291 3586 656 3668 constantinopolitanum
675 3586 836 3651 invaserat.
878 3586 919 3647 At
935 3584 1137 3667 Luitprandus
1151 3582 1205 3643 Ti·

114 3684 235 3749 cinensis
249 3688 411 3765 Diaconos,
432 3700 463 3751 et
475 3688 644 3751 Historicua
662 3692 699 3751 eb
720 3687 824 3751 eodem
838 3686 1016 3767 Berengario
1035 3686 1137 3749 ltaliae
1154 3694 1206 3765 ty-

66 3796 68 3799 ’
114 3808 202 3849 ranno
223 3792 326 3872 potius
347 3812 438 3873 quam
460 3792 539 3872 Rege
558 3812 591 3853 se
614 3790 906 3873 Constantinopolim
923 3790 963 3851 ad
978 3788 1207 3850 Constantinum

113 3890 320 3973 Imperatorem
339 3894 429 3974 legati
450 3894 571 3979 nomine
591 3894 717 3954 missum
730 3902 859 3955 testatur
869 3893 923 3954 ht).
934 3891 987 3959 Vl.
1004 3891 1083 3955 Hiat
1098 3911 1163 3972 cap.
1178 3895 1206 3956 1.

114 4004 212 4075 etseq.
225 3996 277 4057 ubi
291 3996 357 4057 fuas
369 3991 523 4067 describit,
540 3997 689 4077 quomodo
703 4019 721 4056 s
736 3996 932 4058 Constantino
947 3991 1207 4074 Conataffinopoli

115 4107 251 4179 exceptus
269 4098 379 4175 luerit,
400 4108 430 4159 et
453 4119 529 4180 quea
549 4100 719 4181 spectacula
740 4100 850 4161 ibidem
865 4098 985 4162 viderit
1021 4099 1115 4170 ,Uada
1131 4116 1207 4155 con·
1284 4151 1288 4157 .

114 4196 199 4259 iicere
213 4200 292 4279 licet,
307 4210 440 4263 unumst
456 4200 657 4293 eundemlessa
669 4200 917 4281 huncnoatrum,
935 4211 966 4263 et
981 4200 1034 4281 qui
1050 4195 1206 4258 historiam

115 4302 299 4387 oomcdpsit:
322 4322 415 4384 quum
428 4302 639 4399 atllietorioua
655 4304 711 4367 sub
726 4304 888 4367 Ottonibus
908 4300 1059 4379 claruerit,
1081 4309 1112 4360 at
1127 4307 1206 4359 tom·
