2959 4850
181 324 182 333 ι
254 271 304 344 48
381 331 384 337 ,
624 279 779 348 LEONIS
798 279 982 357 uncos]

90 460 119 508 s.
133 441 406 530 Ι.6471σάμενος,
435 447 477 521 είς
495 445 534 512 τὸ
554 442 791 532 βασιλικώτερον
813 443 924 510 ἑαυτὸν
942 441 1175 528 μετεσκεύασεν·
1198 447 1296 512 ἵππου
1310 471 1347 516 το

129 530 180 580 ¹¹¹⁶·
197 529 216 583 ⁶
253 549 407 636 ἀγερώχου
421 555 482 614 τῶν
495 555 608 615 λευκῶν
622 550 745 632 ἐπιβὰς,
772 547 926 636 φαλάροις
938 551 1163 634 κεκοσμημένον
1176 556 1348 632 βασιλικοῖς

254 655 304 720 καὶ
322 651 453 736 τάπησιν
476 649 652 739 άλουργοΐς,
681 653 733 717 διὰ
745 659 802 736 τῆς
819 660 938 738 χρυσῆς
953 651 1051 736 πύλης
1066 651 1256 736 εἰσήλαυνεν,
1282 649 1349 716 sind

253 756 367 832 παντὸς
379 763 434 820 τοῦ
447 751 547 838 δήμου
562 758 613 822 κοιλ
628 761 690 820 τῶν
703 758 735 820 ἓν
748 757 825 820 τίλει
838 753 1041 842 κροτούμενός
1054 781 1087 822 τε
1100 759 1152 820 καὶ
1166 753 1347 841 γεραιρόμε-

251 884 314 948 νος.
345 855 557 942 ἑκκαιδεκάτην
570 856 587 924 ὅ
600 857 786 943 Αὔγουστος
800 857 912 941 ἤλαυνε
925 858 998 942 μὴν,
1020 859 1068 922 lul
1089 865 1145 942 τῆς
1166 860 1254 942 ἕκτης
1264 861 1373 951 Ιῗνδί-5

252 985 337 1042 κτου,
356 963 387 1026 ἓν
402 959 604 1050 τρῖμυάὲτει,
622 961 671 1027 ὅτε
680 967 781 1027 ταῦτα
793 959 967 1047 ἐπράττετο.
995 960 1066 1048 άρτι
1079 963 1195 1041 δέ,ἒπελ
1205 959 1346 1047 πρδςτδν

223 1069 308 1135 1)τοῦ
320 1065 408 1130 θείου
420 1068 603 1149 περίπυστον
616 1066 709 1149 σηκὸν
723 1068 928 1152 εῑσεφοίτησε,
951 1068 1001 1129 καὶ
1015 1061 1077 1130 alud
1098 1069 1154 1130 τού
1166 1071 1228 1129 τάν
1242 1064 1349 1148 ἱερέων

253 1164 457 1253 πληρώματος
471 1168 644 1254 ἀξιοχρέους
659 1168 750 1252 τίμάς
761 1165 945 1249 incaseato,
960 1168 1039 1254 πρὸς
1053 1173 1109 1234 τοῦ
1124 1168 1180 1250 τήν
1192 1190 1351 1253 πατριαρ-

249 1273 321 1353 χίαν
334 1268 497 1346 ίθύνοντος
510 1270 708 1338 Πολυεύκτου
723 1279 767 1359 τῷ
778 1277 927 1359 βασιλικῷ
943 1269 1108 1353 διαδήματι
1123 1271 1283 1356 στέφεται,
1310 1266 1347 1332 ἓν

252 1377 302 1438 καὶ
318 1374 522 1458 πεντηκοστὸν
541 1375 608 1451 ἔτος
621 1383 676 1461 ’τῆς
689 1373 806 1460 ἡλικίας
825 1371 969 1440 ἐλαύνων.
1003 1373 1060 1456 τήν
1072 1375 1108 1438 δὲ
1127 1375 1212 1437 ἰδίαν
1225 1369 1348 1438 τοιάσδε
1358 1380 1394 1434 10

252 1501 299 1551 τις
309 1469 365 1558 ἦν·
384 1477 456 1558 ὄψις
473 1477 557 1566 αὐτῷ
570 1478 646 1564 πρὸς
660 1479 694 1544 τὸ
708 1480 806 1561 μελαν
820 1478 912 1542 πλέον
926 1475 947 1560 ἢ
963 1476 1113 1541 τὸλευκδν
1126 1475 1344 1560 ἀποκλίνουσα,

253 1576 332 1661 κύμη
349 1580 382 1642 δὲ
395 1585 511 1662 βαθεῖα
526 1583 577 1644 καί
591 1587 705 1664 κυανῆ·
733 1581 895 1666 ὀφθαλμοὶ
908 1581 1045 1661 μίλανες,
1073 1580 1123 1642 ἐπὶ
1137 1580 1278 1652 συννοίας
1291 1603 1353 1642 πι-ι

254 1679 467 1767 φροντικάτες,
497 1687 631 1759 δασείαις
656 1694 724 1758 ταῖς
747 1681 878 1770 ὀφρύσιν
896 1678 1146 1766 ὑποκαθήμενοι·
1180 1679 1228 1766 ῥὶς
1245 1681 1351 1761 μίσως

254 1783 367 1867 ἔχουσα
387 1784 571 1868 λεπτότητος
593 1789 643 1851 καὶ
663 1784 853 1869 παχύτητος,
881 1785 981 1871 ήρίμα
996 1785 1257 1870 συμπεραινομένη
1271 1807 1356 1870 γρυ-«

158 1895 189 1948 Ρ.
202 1899 237 1954 ³0
254 1883 378 1970 πάτητι·
405 1885 505 1972 ύπήνη
526 1887 717 1974 σύμμετρος,
746 1888 858 1975 άραιὰν
873 1890 958 1974 παρὰ
979 1889 1036 1964 τὰς
1051 1884 1189 1972 γνάθους
1205 1893 1348 1972 apostate
1357 1895 1397 1951 15

253 1991 365 2072 λομίνη
382 1991 437 2074 τήν
450 1990 576 2056 πολιάυ·
604 1992 748 2076 άγκυλεδς
761 1992 817 2075 τὴν
831 1989 950 2074 ἡλικίαν
962 1993 1012 2054 καὶ
1027 1989 1189 2077 στιβαράς,
1217 1986 1350 2075 εὐρύτα-

254 2117 308 2168 τος
321 2094 356 2157 τὸ
372 2095 497 2178 στέρνον
512 2097 562 2160 καὶ
583 2095 686 2177 ὤμους
706 2091 748 2170 ὡς
761 2093 915 2177 μάλιστα,
942 2095 999 2177 τήν
1014 2096 1118 2176 μίντοι
1139 2093 1281 2178 ἀνδρείαν
1297 2095 1351 2156 sal

254 2194 360 2282 ῥώμην
374 2196 453 2262 κατὰ
467 2196 759 2284 τδνθρυλλούμενον
770 2195 925 2284 Ἡρακλῆν
935 2219 943 2233 ·
954 2195 1100 2284 φρονήσει
1112 2198 1146 2261 δὲ
1158 2198 1210 2260 καὶ
1221 2219 1350 2282 σωφρο-

255 2295 332 2384 σύνῃ
347 2302 396 2362 καὶ
413 2305 456 2386 τῷ
472 2301 507 2364 τὸ
523 2303 592 2366 δέον
608 2301 821 2388 άνεπισφαλῶς
836 2298 1081 2387 ἐπιφράσασθαι,
1105 2297 1229 2364 πάντων
1239 2323 1350 2364 κατευ-

254 2403 374 2485 μεγίθει
397 2407 459 2465 τῶν
480 2402 551 2467 κατ’
569 2405 680 2469 ἐκείνου
699 2404 755 2469 τίν
770 2403 873 2488 γενεάν
891 2405 1092 2488 γεγενημένων
1111 2402 1242 2489 ἀνδρῶν.
1278 2410 1400 2467 ται-’20

256 2506 378 2578 artearte
399 2497 453 2569 οὖν
474 2511 517 2592 τῷ
539 2509 683 2593 βασιλείῳ
701 2508 803 2593 στέφει
823 2508 871 2570 ἐπὶ
892 2506 949 2589 τὴν
961 2510 1117 2587 βασιλειαν
1132 2506 1229 2589 αὐλήν
1241 2505 1348 2587 άνεισι,

89 2618 144 2671 Fal.
159 2617 212 2672 285
223 2632 250 2670 r.
259 2606 344 2693 παρὰ
360 2610 416 2671 τού
428 2606 571 2690 πλήθους
584 2611 634 2673 καὶ
649 2615 710 2673 τῶν
724 2610 757 2673 ἰν
768 2609 844 2673 τίλει
858 2608 1141 2695 δορυφορούμενος,
1169 2611 1220 2673 καὶ
1235 2608 1274 2692 δὴ
1287 2634 1351 2672 πα-

256 2708 376 2796 ρελθὼν
390 2706 562 2797 ἓπὶθρύνον
577 2708 702 2776 ἐκάθισε
715 2710 770 2775 τὸν
781 2708 949 2792 βασιλικόν.
970 2704 1010 2794 ήν
1025 2704 1080 2777 οὖν
1095 2710 1171 2801 ὁρᾷν
1184 2712 1241 2793 τὴν
1254 2708 1351 2794 τύχην

230 2812 498 2901 Βένωραϊζομίνην
506 2814 798 2900 καλίπιγανυυμίνην
809 2824 873 2891 τοῖς
883 2814 1084 2896 τελουμίνοις,
1096 2817 1148 2879 καλ
1160 2810 1262 2880 πάντα
1274 2812 1353 2880 ἔαυ-

325 2980 367 3038 13.
391 2974 474 3048 μίσος
490 2978 547 3033 cod.
618 2982 660 3037 16.
686 2974 828 3048 άγκυλεάς.
862 2977 909 3032 Sic
927 2976 1018 3032 codex.
1084 2982 1126 3037 19.
1142 2980 1259 3049 2931205
1275 2977 1333 3031 cod.

255 3116 412 3169 maiestatem
423 3116 505 3183 magis
516 3118 672 3185 composuitr
690 3117 788 3170 larsem
798 3133 866 3185 equo
883 3115 975 3179 alacri,
992 3114 1118 3179 candido,
1135 3114 1247 3184 phaleris
1268 3114 1355 3183 impa-

256 3184 358 3237 ratoriis
371 3184 515 3252 teretisque
529 3186 665 3253 purpureis
683 3195 788 3249 ornato,
812 3202 860 3254 per
873 3201 974 3235 auream
989 3193 1088 3253 portam
1103 3185 1222 3236 invectus
1241 3191 1295 3245 νοις
1318 3184 1355 3235 ab

256 3252 324 3305 omni
337 3202 430 3321 populo
444 3252 687 3321 magistratibusque
697 3271 752 3307 cum
762 3256 853 3322 plausu
865 3253 1006 3307 honorifice
1017 3261 1144 3321 receptus.
1172 3253 1283 3319 Augusti
1296 3251 1356 3304 dies

256 3321 369 3375 decimus
384 3327 473 3373 sextus
487 3320 628 3387 agebatur,
645 3322 785 3375 indictione
802 3327 890 3385 sexta,
913 3340 980 3375 anuo
992 3322 1168 3382 semillesimo
1180 3320 1355 3390 quadringen-

254 3391 345 3443 tesimo
357 3390 567 3471 septuagesimo,
584 3406 639 3441 cum
650 3391 713 3443 haec
724 3398 884 3459 gererentur.
917 3392 1028 3455 Deinde,
1044 3391 1087 3443 ubi
1100 3390 1290 3443 celeberrimum
1301 3388 1356 3441 ua·

254 3460 376 3526 templum
388 3474 518 3525 ingressus
529 3476 545 3511 a
557 3458 718 3511 sacerdotum
730 3477 838 3529 corpora
851 3460 952 3512 debitos
965 3461 1075 3513 honores
1087 3466 1252 3540 susceperat,
1269 3474 1287 3509 a
1298 3456 1356 3509 Ρο-

253 3526 372 3597 lyeucto,
390 3528 553 3595 patriarchae
568 3545 657 3581 munus
667 3529 793 3592 obeunte,
809 3528 937 3597 imperiali
951 3546 1048 3583 corona
1061 3536 1138 3598 caput
1148 3529 1276 3596 cingitur,
1294 3542 1356 3580 cum

254 3612 331 3649 unum
352 3612 432 3665 supra
450 3596 685 3677 quinquagesimum
705 3599 798 3650 aetatis
814 3614 905 3651 annum
932 3607 1031 3666 ageret.
1073 3598 1167 3666 Specie
1194 3604 1280 3649 autem
1295 3602 1358 3648 erat

254 3665 378 3718 eiusmodi
390 3665 461 3719 seres
479 3666 559 3717 lanea
573 3667 606 3717 ad
620 3666 720 3734 nigrum
728 3669 810 3735 magis
822 3685 899 3735 quam
911 3666 944 3720 ad
958 3666 1091 3719 candidum
1103 3667 1212 3719 colorem
1227 3681 1356 3733 vergens:

255 3750 328 3787 coma
338 3734 470 3803 promissa,
488 3740 561 3790 atrae
577 3735 644 3787 oculi
653 3736 731 3803 nigri,
749 3738 819 3789 velut
825 3737 981 3804 cogitatione
995 3746 1153 3804 satagentes,
1164 3734 1255 3804 spissis
1261 3751 1357 3802 super*

256 3801 322 3855 ciliis
338 3801 461 3857 subiectis
479 3820 555 3855 nasus
570 3802 639 3855 inter
660 3803 810 3857 tenuitatem
831 3812 858 3857 et
878 3804 1072 3857 crassitudinem
1091 3806 1205 3869 medius,
1229 3803 1358 3884 paulatim

255 3873 384 3924 transiens
404 3873 430 3923 in
451 3871 635 3925 aduncitatem:
657 3874 739 3925 barba
757 3874 840 3937 iusta,
862 3874 929 3925 raris
946 3874 1016 3926 circa
1033 3874 1112 3925 malas
1133 3873 1255 3941 proiectu
1267 3872 1357 3923 mnis:

256 3948 356 3993 statura
369 3940 480 3993 rotunda
492 3958 522 3993 ac
536 3942 617 4005 firma,
634 3949 725 4010 pectus
739 3947 767 3995 et
779 3942 876 3995 humeri
883 3943 999 4010 apprime
1011 3944 1074 4006 lata,
1091 3943 1133 3993 vis
1144 3960 1176 3995 ac
1187 3942 1266 3993 robur
1280 3942 1358 3993 iuxta

255 4010 411 4061 ‘celebratum
432 4009 583 4061 Herculem
608 4010 744 4077 prudentie
760 4028 840 4075 vero,
863 4019 891 4063 et
910 4010 1093 4079 temperantia,
1116 4018 1143 4062 et
1160 4008 1359 4078 opportunitate

256 4076 382 4145 singulari
402 4078 577 4143 consiliorum,
594 4076 663 4130 inter
683 4092 770 4131 omnes
782 4081 931 4148 praestabat
951 4096 997 4133 sua
1014 4086 1166 4149 tempestate
1183 4085 1257 4130 natos
1274 4077 1358 4135 viros.

256 4146 298 4197 lta
312 4144 442 4199 redimitus
458 4146 624 4215 imperatoria
636 4164 730 4200 corona
746 4148 774 4199 in
788 4158 922 4217 angustum
943 4148 1064 4216 palatium
1078 4146 1210 4212 ascendit,
1233 4164 1249 4199 a
1261 4146 1357 4215 populo

257 4214 501 4336 magistratibuspue
519 4216 648 4284 stipatus,
665 4214 849 4288 ingressusque
870 4216 897 4270 iu
914 4218 997 4287 reguli
1018 4218 1116 4270 assedit
1131 4217 1203 4271 solio.
1245 4215 1360 4269 Licebat

258 4290 319 4336 aruc
330 4284 436 4349 videre,
464 4290 597 4351 ortum,
612 4285 766 4356 gestientem
779 4298 857 4357 angue
876 4286 1045 4343 exsultantem
1059 4288 1100 4339 isis
1117 4284 1231 4349 eventis,
1248 4290 1361 4340 mactes
