2959 4850
237 246 313 319 360
400 246 409 277 '
534 250 798 321 LUITPRANDI
822 250 1022 321 Lucumo

238 422 330 475 atram
349 430 432 473 nunc
447 409 515 471 dico
537 432 670 489 omnem,
693 431 770 493 quae
782 408 838 471 sub
857 420 959 473 vestm
974 410 1103 492 Imperio
1115 418 1177 483 ast,
1195 420 1329 489 genusne

238 525 326 595 atque
344 514 457 575 utinam
475 532 579 573 vuum
597 513 654 591 sit,
675 514 757 595 quod
773 513 811 573 de
828 512 1030 595 praesentibus
1044 512 1163 594 scripsit
1176 513 1235 573 iata
1250 524 1329 575 tem-

237 617 370 699 poribus.
412 616 545 691 Caetera,
573 624 609 677 ut
622 617 755 699 scripsit,
776 625 848 679 snut
861 613 1026 695 usquehuc
1043 616 1202 695 completa,
1221 634 1328 695 quens·

239 718 399 781 admodum
421 736 476 798 per
504 717 603 797 ipsos,
643 718 694 799 qui
718 718 827 781 horum
847 719 992 780 librorum
1019 716 1177 779 scientiam
1206 716 1327 794 babeat,

238 821 353 882 audivi:
376 831 405 881 et
421 839 459 879 ex
479 819 581 881 multis
597 820 660 883 eius
677 823 767 883 dictis
780 842 875 882 unum
890 822 922 881 id
943 824 1128 903 proferamus
1141 819 1176 879 in
1187 818 1328 879 medium.

238 922 290 983 Ait
307 925 385 982 enim
399 944 482 985 nunc
497 928 679 1007 completum
692 926 732 987 iri
746 926 943 1006 scripturam,
963 943 1040 1004 quae
1057 922 1149 983 dicit:
1168 920 1259 983 Λέων
1276 919 1328 983 ssd

238 1018 369 1105 σκύμνος
389 1022 600 1106 ὁμοᾶιόζρυσιν
635 1025 765 1111 b'veypos
786 1028 898 1087 Graece
914 1027 971 1103 ita,
996 1026 1135 1087 Latium
1148 1032 1248 1083 autem
1266 1022 1326 1083 sic:

236 1125 295 1185 Leo
319 1136 349 1185 et
369 1127 487 1189 Catulus
509 1130 600 1191 simul
622 1129 862 1194 exterminabunt
881 1148 1041 1207 onagrum,
1068 1126 1152 1187 onina
1175 1125 1328 1206 interpre-

237 1227 311 1287 tatio
324 1229 486 1289 secundum
502 1232 648 1295 Graecos:
670 1232 733 1307 leo,
754 1232 787 1293 id
799 1241 843 1291 est
852 1232 1054 1291 Romanorum
1066 1230 1129 1289 sive
1146 1228 1328 1287 Graecorum

209 1326 417 1409 Blmperator,
438 1340 468 1391 et
488 1333 610 1393 Catulus
629 1334 814 1395 Francorum
834 1334 950 1393 scilicet
964 1334 1046 1409 Rex,
1065 1332 1155 1393 simul
1172 1332 1221 1393 his
1237 1354 1328 1414 prae·

237 1432 367 1492 sentibus
381 1434 563 1513 temporibus
578 1436 819 1497 exterminabunt
834 1455 987 1513 onagrum,
1007 1435 1040 1495 id
1054 1444 1098 1495 est
1111 1438 1327 1497 Saracenorum

237 1532 346 1611 Regem
358 1534 539 1598 Africanum.
561 1580 563 1585 s
583 1537 665 1611 Quae
679 1537 884 1618 intmpretatio
904 1558 939 1597 eo
953 1535 1028 1597 mihi
1038 1556 1109 1597 vera
1122 1555 1184 1596 non
1197 1536 1327 1613 videtur,

238 1635 379 1713 quoniam
393 1637 451 1696 Leo
474 1648 503 1697 et
521 1640 659 1716 Catulus,
681 1639 817 1719 quamvis
837 1639 963 1720 disparis
989 1638 1217 1718 magnitudinis,
1238 1637 1326 1699 unius

237 1746 336 1797 umen
350 1749 419 1797 sunt
434 1750 575 1819 naturae,
597 1750 627 1801 et
641 1741 767 1821 speciei,
788 1760 841 1801 sau
857 1741 966 1801 moris:
987 1750 1091 1821 atque,
1112 1750 1148 1800 ut
1167 1738 1243 1799 mibi
1261 1759 1327 1799 mea

235 1837 360 1898 scientia
373 1842 519 1920 suggerit,
541 1842 567 1903 si
584 1843 631 1904 leo
649 1843 832 1903 Graecorum
842 1843 1023 1922 Imperator,
1045 1841 1259 1904 inconveniens
1271 1850 1327 1917 est,

126 1982 130 1993 .
223 1947 272 1999 .ut
295 1941 408 2001 catulus
428 1944 468 2003 sit
487 1945 669 2006 Francorum
692 1946 773 2005 Rexa
796 1944 932 2024 quamvis
952 1944 1031 2003 enim
1054 1945 1172 2024 utrique
1191 1942 1327 2004 homines

234 2040 313 2117 sint,
338 2043 415 2105 sicut
435 2044 482 2123 leo
510 2054 539 2107 et
559 2046 675 2107 catulus
699 2054 825 2125 uterque
837 2045 990 2122 animalia3
1012 2045 1123 2105 distant
1143 2056 1242 2105 tamen
1258 2066 1327 2105 rno-

234 2143 317 2202 ribur
339 2154 470 2223 tantum,
492 2168 552 2208 non
571 2149 638 2209 dico
659 2149 758 2210 solum
778 2157 924 2229 quantum
947 2146 1060 2228 species
1082 2147 1254 2227 speciebus,
1274 2146 1327 2207 ssd

209 2250 382 2329 cquantum
390 2249 537 2309 sensibilis
550 2249 780 2315 insensibilibus.
821 2250 943 2311 Catulus
955 2268 974 2307 a
987 2248 1073 2309 leone
1081 2250 1127 2309 nil
1139 2249 1197 2309 nisi
1211 2258 1327 2329 tempo·

233 2364 267 2405 re
280 2347 386 2426 distat,
409 2351 505 2411 forma
526 2352 641 2431 eadem,
662 2354 758 2415 rabies
780 2373 858 2431 una,
879 2350 994 2430 rugitus
1010 2350 1100 2413 idem.
1144 2351 1326 2411 Graecorum

232 2445 298 2506 Rex
315 2450 455 2528 crinitus,
477 2454 643 2531 tunicatus,
663 2457 842 2532 manicatus,
864 2454 1045 2530 teristratus,
1065 2453 1210 2531 mendax,
1237 2453 1326 2514 doio-

233 2565 303 2624 sus,
325 2548 549 2632 immisericors,
569 2557 728 2637 vulpinus,
756 2556 920 2637 superbus,
942 2555 1016 2613 falso
1038 2552 1175 2632 humilis,
1203 2563 1325 2635 parcus,

236 2650 378 2730 cupidus,
400 2656 487 2733 allio,
509 2677 596 2738 cepe,
619 2667 649 2718 et
665 2657 764 2739 porris
778 2677 915 2735 vescens,
936 2655 1169 2718 balneabibenar
1189 2657 1325 2720 Franco-

230 2771 300 2810 rum
316 2755 380 2812 Rex
404 2768 506 2818 contra
523 2759 651 2840 pulchra
671 2771 793 2837 tonsus,
816 2758 985 2818 amuliebri
999 2759 1110 2818 vestitu
1125 2769 1206 2820 veste
1221 2762 1325 2824 diver·

231 2872 300 2931 sua,
322 2855 465 2935 pileatus,
487 2881 596 2941 verax,
617 2864 662 2923 nil
676 2863 737 2924 doli
751 2862 879 2934 habens,
900 2862 971 2920 satis
984 2861 1037 2919 ubi
1050 2862 1194 2942 competit
1204 2865 1325 2926 mneri-

233 2973 319 3030 cors,
340 2977 461 3020 severus
474 2964 528 3022 ubi
544 2973 677 3045 oportet:
701 2985 817 3046 semper
833 2983 902 3024 vera
921 2961 1059 3041 humilis,
1079 2983 1232 3042 nunquam
1248 2986 1324 3046 par-

231 3077 301 3132 cus,
323 3079 384 3118 non
408 3063 477 3121 allio
484 3109 492 3139 ,
516 3066 613 3146 cepis,
634 3067 735 3148 porris
758 3087 895 3142 vescens,
916 3075 952 3124 ut
971 3065 1069 3145 possit
1088 3066 1263 3127 animalibue
1284 3087 1320 3129 eo

228 3177 367 3238 parcere,
390 3173 537 3240 quatenus
565 3188 627 3228 non
651 3169 852 3244 manducatis,
874 3166 927 3226 sed
956 3165 1134 3229 venundatis
1162 3169 1321 3250 pecuniam

230 3271 394 3338 congreget.
436 3264 569 3328 Audistis
595 3269 810 3347 differentiam,
832 3269 926 3331 nolite
941 3267 1020 3334 hauc
1044 3269 1322 3352 interpretationem

229 3360 394 3440 suscipere:
416 3375 468 3425 aut
490 3366 568 3428 enirn
586 3370 687 3429 sutura
703 3381 764 3447 est,
785 3381 838 3432 aut
849 3369 924 3431 haec
937 3390 1008 3431 vera
1023 3391 1086 3432 non
1099 3382 1157 3432 est:
1177 3373 1322 3454 impossi-

228 3460 288 3520 bile
302 3472 345 3522 est
358 3465 435 3524 enim
444 3511 453 3543 ,
477 3478 511 3528 ut
523 3469 724 3550 Nicephorus,
746 3472 827 3533 sicut
839 3473 897 3554 ipsi
914 3473 1117 3551 mentiuntur,
1140 3476 1181 3536 ait
1193 3477 1270 3555 Leo,
1291 3485 1322 3538 et

202 3563 306 3622 borso
329 3566 368 3625 eit
393 3569 531 3648 Catulus,
553 3573 605 3652 qui
627 3573 716 3633 simul
739 3575 938 3635 exterminent
963 3576 1101 3655 aliquem.
1141 3576 1220 3642 Ante
1241 3577 1321 3638 enim

226 3668 384 3746 pererratis
405 3671 559 3732 amborum
580 3674 825 3753 finibus,'c1ul,
860 3685 913 3736 aut
934 3675 1055 3740 Ararim
1077 3677 1207 3738 Partbus
1229 3678 1320 3756 bibet,

225 3777 278 3825 aut
299 3769 454 3832 Germania
474 3774 593 3854 Tigrim,
616 3797 705 3856 quam
717 3776 905 3858 Nicephorus
925 3787 956 3838 et
975 3780 1048 3838 Otto
1063 3778 1192 3839 amicitia
1212 3786 1321 3840 coeant

225 3875 256 3926 st
269 3868 388 3930 foedera
399 3872 532 3951 iungant.
561 3876 696 3938 Audistis
715 3881 915 3958 Graecorum,
937 3881 1037 3968 audite
1048 3901 1130 3942 nune
1141 3880 1320 3962 Luitprsndi

224 3966 427 4032 Cremonemis
445 3974 586 4056 Episcopi
599 3980 889 4061 interpretationem
912 3982 980 4043 dico
992 3993 1109 4060 autem,
1130 3993 1162 4044 et
1177 4003 1242 4044 non
1262 4003 1317 4044 sc·

223 4079 288 4142 lum
310 4069 396 4148 dico,
416 4075 466 4134 sed
491 4076 622 4154 affirmo,
644 4081 669 4140 si
694 4083 846 4163 scriptura
872 4082 946 4144 baec
966 4085 1172 4164 praesentibus
1192 4093 1238 4144 eat
1254 4083 1317 4145 im·

221 4169 333 4250 plenda
359 4175 557 4258 temporibus,
580 4179 637 4242 bec
659 4191 689 4246 et
710 4185 847 4264 Catdus,
874 4194 976 4268 pater,
996 4195 1029 4250 et
1048 4185 1148 4264 finus,
1169 4185 1260 4264 ono,
1283 4193 1316 4246 et
