<?xml version="1.0" encoding="UTF-8"?>
<!DOCTYPE html PUBLIC "-//W3C//DTD XHTML 1.0 Transitional//EN"
    "http://www.w3.org/TR/xhtml1/DTD/xhtml1-transitional.dtd">
<html xmlns="http://www.w3.org/1999/xhtml" xml:lang="en" lang="en">
 <head>
  <title>
</title>
<meta http-equiv="Content-Type" content="text/html;charset=utf-8" />
  <meta name='ocr-system' content='tesseract 3.04.00' />
  <meta name='ocr-capabilities' content='ocr_page ocr_carea ocr_par ocr_line ocrx_word'/>
</head>
<body>
  <div class='ocr_page' id='page_1' title='image "./corpusscriptoru00theogoog/corpusscriptoru00theogoog_0649.png"; bbox 0 0 2959 4850; ppageno 0'>
   <div class='ocr_carea' id='block_1_1' title="bbox 240 270 1283 527">
    <p class='ocr_par' dir='ltr' id='par_1_1' title="bbox 240 270 1283 527">
     <span class='ocr_line' id='line_1_1' title="bbox 409 270 1248 354; baseline -0.004 0"><span class='ocrx_word' id='word_1_1' title='bbox 409 282 458 354; x_wconf 77' lang='grc' dir='ltr'><strong>ΙΝ</strong></span> <span class='ocrx_word' id='word_1_2' title='bbox 484 280 729 351; x_wconf 72' lang='lat' dir='ltr'>THEODOSH</span> <span class='ocrx_word' id='word_1_3' title='bbox 753 280 985 353; x_wconf 78' lang='lat' dir='ltr'><strong>ACROASES.</strong></span> <span class='ocrx_word' id='word_1_4' title='bbox 1173 270 1248 351; x_wconf 76' lang='grc'><strong>558</strong></span> 
     </span>
     <span class='ocr_line' id='line_1_2' title="bbox 240 392 1283 527; baseline -0.009 -14"><span class='ocrx_word' id='word_1_5' title='bbox 240 443 311 512; x_wconf 82' lang='lat'><strong>116.</strong></span> <span class='ocrx_word' id='word_1_6' title='bbox 333 434 513 527; x_wconf 63' lang='lat' dir='ltr'><strong>Memora]</strong></span> <span class='ocrx_word' id='word_1_7' title='bbox 534 442 653 503; x_wconf 69' lang='lat' dir='ltr'><strong>Mallem</strong></span> <span class='ocrx_word' id='word_1_8' title='bbox 677 437 855 523; x_wconf 71' lang='grc' dir='ltr'><strong><em>μεμηνότες,</em></strong></span> <span class='ocrx_word' id='word_1_9' title='bbox 883 443 967 523; x_wconf 82' lang='lat' dir='ltr'><strong>quod</strong></span> <span class='ocrx_word' id='word_1_10' title='bbox 988 441 1126 504; x_wconf 88' lang='lat' dir='ltr'><strong>carminis</strong></span> <span class='ocrx_word' id='word_1_11' title='bbox 1147 444 1250 525; x_wconf 82' lang='lat' dir='ltr'><strong>expli-</strong></span> <span class='ocrx_word' id='word_1_12' title='bbox 1281 392 1283 400; x_wconf 43' lang='lat' dir='ltr'>v</span> 
     </span>
    </p>
   </div>
   <div class='ocr_carea' id='block_1_2' title="bbox 155 522 1250 694">
    <p class='ocr_par' dir='ltr' id='par_1_2' title="bbox 155 522 1250 694">
     <span class='ocr_line' id='line_1_3' title="bbox 156 522 1250 609; baseline 0 -20"><span class='ocrx_word' id='word_1_13' title='bbox 156 528 268 589; x_wconf 86' lang='lat' dir='ltr'><strong>cationi</strong></span> <span class='ocrx_word' id='word_1_14' title='bbox 280 529 372 609; x_wconf 79' lang='lat' dir='ltr'><strong>magis</strong></span> <span class='ocrx_word' id='word_1_15' title='bbox 393 529 556 608; x_wconf 75' lang='lat' dir='ltr'><strong>cohaereat.</strong></span> <span class='ocrx_word' id='word_1_16' title='bbox 598 527 689 608; x_wconf 87' lang='lat' dir='ltr'><strong>[Bene</strong></span> <span class='ocrx_word' id='word_1_17' title='bbox 700 526 791 586; x_wconf 86' lang='lat' dir='ltr'><strong>hebet</strong></span> <span class='ocrx_word' id='word_1_18' title='bbox 806 522 965 609; x_wconf 82' lang='grc' dir='ltr'><strong><em>μεμηνότα.</em></strong></span> <span class='ocrx_word' id='word_1_19' title='bbox 981 529 1058 589; x_wconf 86' lang='lat' dir='ltr'><strong>diem</strong></span> <span class='ocrx_word' id='word_1_20' title='bbox 1070 528 1117 588; x_wconf 85' lang='lat' dir='ltr'><strong>illi</strong></span> <span class='ocrx_word' id='word_1_21' title='bbox 1132 528 1250 589; x_wconf 90' lang='lat' dir='ltr'><strong>abomi-</strong></span> 
     </span>
     <span class='ocr_line' id='line_1_4' title="bbox 155 612 1044 694; baseline -0.002 -19"><span class='ocrx_word' id='word_1_22' title='bbox 155 614 321 693; x_wconf 85' lang='lat' dir='ltr'><strong>nabantur,</strong></span> <span class='ocrx_word' id='word_1_23' title='bbox 343 624 494 694; x_wconf 85' lang='lat' dir='ltr'><strong>tamquam</strong></span> <span class='ocrx_word' id='word_1_24' title='bbox 511 612 627 673; x_wconf 85' lang='lat' dir='ltr'><strong>hostem</strong></span> <span class='ocrx_word' id='word_1_25' title='bbox 641 614 674 673; x_wconf 92' lang='lat' dir='ltr'><strong>iu</strong></span> <span class='ocrx_word' id='word_1_26' title='bbox 687 613 771 693; x_wconf 89' lang='lat' dir='ltr'><strong>ipsos</strong></span> <span class='ocrx_word' id='word_1_27' title='bbox 784 614 942 675; x_wconf 83' lang='lat' dir='ltr'><strong>furentem.</strong></span> <span class='ocrx_word' id='word_1_28' title='bbox 957 614 991 675; x_wconf 87' lang='lat' dir='ltr'><strong>F.</strong></span> <span class='ocrx_word' id='word_1_29' title='bbox 1005 612 1044 691; x_wconf 85' lang='lat' dir='ltr'><strong>L]</strong></span> 
     </span>
    </p>
   </div>
   <div class='ocr_carea' id='block_1_3' title="bbox 155 720 1254 1058">
    <p class='ocr_par' dir='ltr' id='par_1_3' title="bbox 155 720 1254 1058">
     <span class='ocr_line' id='line_1_5' title="bbox 242 720 1249 801; baseline -0.005 -14"><span class='ocrx_word' id='word_1_30' title='bbox 242 725 312 787; x_wconf 88' lang='grc'><strong>117.</strong></span> <span class='ocrx_word' id='word_1_31' title='bbox 334 720 542 801; x_wconf 78' lang='grc' dir='ltr'><strong>Λελειμμὲνοι]</strong></span> <span class='ocrx_word' id='word_1_32' title='bbox 564 720 626 795; x_wconf 87' lang='lat' dir='ltr'><strong>Qui</strong></span> <span class='ocrx_word' id='word_1_33' title='bbox 647 740 755 799; x_wconf 90' lang='lat' dir='ltr'><strong>nempe</strong></span> <span class='ocrx_word' id='word_1_34' title='bbox 778 720 951 799; x_wconf 71' lang='lat' dir='ltr'><strong>superstites</strong></span> <span class='ocrx_word' id='word_1_35' title='bbox 972 730 1128 781; x_wconf 79' lang='lat' dir='ltr'><strong>evaserant</strong></span> <span class='ocrx_word' id='word_1_36' title='bbox 1140 721 1176 782; x_wconf 88' lang='lat' dir='ltr'><strong>ab</strong></span> <span class='ocrx_word' id='word_1_37' title='bbox 1197 742 1249 783; x_wconf 90' lang='lat' dir='ltr'><strong>eo-</strong></span> 
     </span>
     <span class='ocr_line' id='line_1_6' title="bbox 158 804 1251 886; baseline 0.003 -21"><span class='ocrx_word' id='word_1_38' title='bbox 158 814 243 886; x_wconf 85' lang='lat' dir='ltr'><strong>eepta</strong></span> <span class='ocrx_word' id='word_1_39' title='bbox 267 806 361 867; x_wconf 87' lang='lat' dir='ltr'><strong>clade.</strong></span> <span class='ocrx_word' id='word_1_40' title='bbox 407 807 486 866; x_wconf 75' lang='lat' dir='ltr'><strong>Audi</strong></span> <span class='ocrx_word' id='word_1_41' title='bbox 508 808 638 865; x_wconf 83' lang='lat' dir='ltr'>Leonem</span> <span class='ocrx_word' id='word_1_42' title='bbox 658 804 838 865; x_wconf 74' lang='lat' dir='ltr'><strong>Diaconum:</strong></span> <span class='ocrx_word' id='word_1_43' title='bbox 870 804 1001 867; x_wconf 80' lang='lat' dir='ltr'><em>Tandem</em></span> <span class='ocrx_word' id='word_1_44' title='bbox 1021 807 1127 865; x_wconf 73' lang='lat' dir='ltr'><strong>multis</strong></span> <span class='ocrx_word' id='word_1_45' title='bbox 1148 828 1251 867; x_wconf 85' lang='lat' dir='ltr'><strong>eorum</strong></span> 
     </span>
     <span class='ocr_line' id='line_1_7' title="bbox 156 891 1253 972; baseline 0.005 -24"><span class='ocrx_word' id='word_1_46' title='bbox 156 894 256 948; x_wconf 68' lang='lat' dir='ltr'><strong>cureio</strong></span> <span class='ocrx_word' id='word_1_47' title='bbox 278 894 313 951; x_wconf 83' lang='lat' dir='ltr'><strong>in</strong></span> <span class='ocrx_word' id='word_1_48' title='bbox 331 895 447 972; x_wconf 77' lang='lat' dir='ltr'><strong>fugam</strong></span> <span class='ocrx_word' id='word_1_49' title='bbox 470 903 629 950; x_wconf 80' lang='lat' dir='ltr'><strong>vertuntur</strong></span> <span class='ocrx_word' id='word_1_50' title='bbox 644 912 701 969; x_wconf 81' lang='lat' dir='ltr'><strong>per</strong></span> <span class='ocrx_word' id='word_1_51' title='bbox 717 902 853 969; x_wconf 66' lang='lat' dir='ltr'><strong>augusta</strong></span> <span class='ocrx_word' id='word_1_52' title='bbox 864 893 986 951; x_wconf 72' lang='lat' dir='ltr'><strong>viarum</strong></span> <span class='ocrx_word' id='word_1_53' title='bbox 1001 891 1141 951; x_wconf 69' lang='lat' dir='ltr'><strong>cedentes.</strong></span> <span class='ocrx_word' id='word_1_54' title='bbox 1183 894 1253 953; x_wconf 81' lang='lat' dir='ltr'><strong>Ro-</strong></span> 
     </span>
     <span class='ocr_line' id='line_1_8' title="bbox 155 973 1254 1058; baseline 0.004 -25"><span class='ocrx_word' id='word_1_55' title='bbox 155 979 243 1035; x_wconf 78' lang='lat' dir='ltr'><strong>mani</strong></span> <span class='ocrx_word' id='word_1_56' title='bbox 260 998 330 1035; x_wconf 80' lang='lat' dir='ltr'><strong>vero</strong></span> <span class='ocrx_word' id='word_1_57' title='bbox 354 1000 404 1036; x_wconf 79' lang='lat' dir='ltr'><strong>eor</strong></span> <span class='ocrx_word' id='word_1_58' title='bbox 432 979 588 1058; x_wconf 80' lang='lat' dir='ltr'><strong>inrequuti</strong></span> <span class='ocrx_word' id='word_1_59' title='bbox 610 973 676 1034; x_wconf 65' lang='lat' dir='ltr'><strong>dire</strong></span> <span class='ocrx_word' id='word_1_60' title='bbox 694 974 909 1051; x_wconf 71' lang='lat' dir='ltr'><strong>trucidabant,</strong></span> <span class='ocrx_word' id='word_1_61' title='bbox 940 979 996 1055; x_wconf 82' lang='lat' dir='ltr'><strong>qui</strong></span> <span class='ocrx_word' id='word_1_62' title='bbox 1013 998 1081 1038; x_wconf 74' lang='lat' dir='ltr'><strong>vero</strong></span> <span class='ocrx_word' id='word_1_63' title='bbox 1106 977 1254 1037; x_wconf 75' lang='lat' dir='ltr'><strong>haerenae</strong></span> 
     </span>
    </p>
   </div>
   <div class='ocr_carea' id='block_1_4' title="bbox 57 1058 1252 1143">
    <p class='ocr_par' dir='ltr' id='par_1_4' title="bbox 57 1058 1252 1143">
     <span class='ocr_line' id='line_1_9' title="bbox 57 1058 1252 1143; baseline 0.002 -24"><span class='ocrx_word' id='word_1_64' title='bbox 57 1095 63 1109; x_wconf 84' lang='lat'><strong>·</strong></span> <span class='ocrx_word' id='word_1_65' title='bbox 154 1066 329 1139; x_wconf 78' lang='lat' dir='ltr'><strong>euperstitee</strong></span> <span class='ocrx_word' id='word_1_66' title='bbox 344 1074 439 1139; x_wconf 80' lang='lat' dir='ltr'><strong>erunt,</strong></span> <span class='ocrx_word' id='word_1_67' title='bbox 456 1084 495 1121; x_wconf 85' lang='lat' dir='ltr'><strong>ao</strong></span> <span class='ocrx_word' id='word_1_68' title='bbox 508 1072 653 1143; x_wconf 76' lang='lat' dir='ltr'><em>quotquot</em></span> <span class='ocrx_word' id='word_1_69' title='bbox 667 1058 762 1120; x_wconf 84' lang='lat' dir='ltr'><strong>ardor</strong></span> <span class='ocrx_word' id='word_1_70' title='bbox 775 1061 846 1121; x_wconf 82' lang='lat' dir='ltr'><strong>belli</strong></span> <span class='ocrx_word' id='word_1_71' title='bbox 859 1083 918 1121; x_wconf 86' lang='lat' dir='ltr'><strong>non</strong></span> <span class='ocrx_word' id='word_1_72' title='bbox 933 1060 1141 1141; x_wconf 77' lang='lat' dir='ltr'><strong>demessuerat,</strong></span> <span class='ocrx_word' id='word_1_73' title='bbox 1151 1066 1252 1143; x_wconf 79' lang='lat' dir='ltr'><strong>proie-</strong></span> 
     </span>
    </p>
   </div>
   <div class='ocr_carea' id='block_1_5' title="bbox 77 1146 1252 1315">
    <p class='ocr_par' dir='ltr' id='par_1_5' title="bbox 77 1146 1252 1315">
     <span class='ocr_line' id='line_1_10' title="bbox 77 1146 1252 1237; baseline 0.005 -34"><span class='ocrx_word' id='word_1_74' title='bbox 77 1200 84 1209; x_wconf 82' lang='lat'><strong>,</strong></span> <span class='ocrx_word' id='word_1_75' title='bbox 154 1149 215 1204; x_wconf 80' lang='lat' dir='ltr'><strong>atie</strong></span> <span class='ocrx_word' id='word_1_76' title='bbox 239 1149 336 1205; x_wconf 61' lang='lat' dir='ltr'><strong>armrssr</strong></span> <span class='ocrx_word' id='word_1_77' title='bbox 357 1152 389 1207; x_wconf 83' lang='lat' dir='ltr'><strong>in</strong></span> <span class='ocrx_word' id='word_1_78' title='bbox 396 1168 543 1227; x_wconf 72' lang='lat' dir='ltr'><em>praecepa</em></span> <span class='ocrx_word' id='word_1_79' title='bbox 553 1146 755 1205; x_wconf 78' lang='lat' dir='ltr'><strong>vertebantur.</strong></span> <span class='ocrx_word' id='word_1_80' title='bbox 797 1146 864 1207; x_wconf 85' lang='lat' dir='ltr'><strong>vid.</strong></span> <span class='ocrx_word' id='word_1_81' title='bbox 878 1148 999 1237; x_wconf 82' lang='lat' dir='ltr'><strong>Pegium</strong></span> <span class='ocrx_word' id='word_1_82' title='bbox 1011 1148 1082 1223; x_wconf 81' lang='lat' dir='ltr'><strong>ibid.</strong></span> <span class='ocrx_word' id='word_1_83' title='bbox 1097 1168 1163 1229; x_wconf 81' lang='lat' dir='ltr'><strong>pag.</strong></span> <span class='ocrx_word' id='word_1_84' title='bbox 1179 1147 1252 1215; x_wconf 81' lang='grc'><strong>875.</strong></span> 
     </span>
     <span class='ocr_line' id='line_1_11' title="bbox 155 1230 1086 1315; baseline 0.008 -25"><span class='ocrx_word' id='word_1_85' title='bbox 155 1230 310 1293; x_wconf 83' lang='lat' dir='ltr'><strong>Corneliae</strong></span> <span class='ocrx_word' id='word_1_86' title='bbox 330 1254 348 1291; x_wconf 94' lang='grc'><strong>1</strong></span> <span class='ocrx_word' id='word_1_87' title='bbox 364 1232 483 1293; x_wconf 72' lang='lat' dir='ltr'><strong>Codicis</strong></span> <span class='ocrx_word' id='word_1_88' title='bbox 503 1232 632 1293; x_wconf 87' lang='lat' dir='ltr'><strong>lectione</strong></span> <span class='ocrx_word' id='word_1_89' title='bbox 646 1232 789 1302; x_wconf 82' lang='lat' dir='ltr'><strong>recedam</strong></span> <span class='ocrx_word' id='word_1_90' title='bbox 801 1232 896 1291; x_wconf 84' lang='lat' dir='ltr'><strong>edidit</strong></span> <span class='ocrx_word' id='word_1_91' title='bbox 912 1232 1086 1315; x_wconf 75' lang='grc' dir='ltr'><strong><em>λελεγμένοι.</em></strong></span> 
     </span>
    </p>
   </div>
   <div class='ocr_carea' id='block_1_6' title="bbox 154 1335 1251 1504">
    <p class='ocr_par' dir='ltr' id='par_1_6' title="bbox 154 1335 1251 1504">
     <span class='ocr_line' id='line_1_12' title="bbox 240 1335 1251 1420; baseline -0.004 -15"><span class='ocrx_word' id='word_1_92' title='bbox 240 1343 312 1406; x_wconf 76' lang='grc'><strong>126.</strong></span> <span class='ocrx_word' id='word_1_93' title='bbox 326 1335 487 1419; x_wconf 48' lang='lat' dir='ltr'><strong>moneo]</strong></span> <span class='ocrx_word' id='word_1_94' title='bbox 497 1337 593 1399; x_wconf 81' lang='grc'><strong>,1111111</strong></span> <span class='ocrx_word' id='word_1_95' title='bbox 603 1337 654 1398; x_wconf 86' lang='lat' dir='ltr'><strong>hie</strong></span> <span class='ocrx_word' id='word_1_96' title='bbox 665 1337 791 1399; x_wconf 86' lang='lat' dir='ltr'><strong>verbum</strong></span> <span class='ocrx_word' id='word_1_97' title='bbox 804 1337 950 1418; x_wconf 68' lang='lat' dir='ltr'><strong>tumeo,</strong></span> <span class='ocrx_word' id='word_1_98' title='bbox 969 1359 1027 1399; x_wconf 87' lang='lat' dir='ltr'><strong>neo</strong></span> <span class='ocrx_word' id='word_1_99' title='bbox 1042 1338 1156 1419; x_wconf 89' lang='lat' dir='ltr'><strong>dubito,</strong></span> <span class='ocrx_word' id='word_1_100' title='bbox 1177 1338 1251 1420; x_wconf 84' lang='lat' dir='ltr'><strong>quia</strong></span> 
     </span>
     <span class='ocr_line' id='line_1_13' title="bbox 154 1422 548 1504; baseline 0.013 -22"><span class='ocrx_word' id='word_1_101' title='bbox 154 1422 197 1483; x_wconf 86' lang='lat' dir='ltr'><strong>sit</strong></span> <span class='ocrx_word' id='word_1_102' title='bbox 216 1422 373 1501; x_wconf 82' lang='lat' dir='ltr'><strong>legendum</strong></span> <span class='ocrx_word' id='word_1_103' title='bbox 393 1423 548 1504; x_wconf 65' lang='grc' dir='ltr'><strong>ἔπραττον.</strong></span> 
     </span>
    </p>
   </div>
   <div class='ocr_carea' id='block_1_7' title="bbox 152 1524 1368 2033">
    <p class='ocr_par' dir='ltr' id='par_1_7' title="bbox 152 1524 1368 2033">
     <span class='ocr_line' id='line_1_14' title="bbox 238 1524 1368 1610; baseline -0.004 -15"><span class='ocrx_word' id='word_1_104' title='bbox 238 1534 310 1597; x_wconf 79' lang='lat'><strong>127.</strong></span> <span class='ocrx_word' id='word_1_105' title='bbox 336 1529 399 1609; x_wconf 73' lang='grc' dir='ltr'><strong>Ἠς]</strong></span> <span class='ocrx_word' id='word_1_106' title='bbox 421 1528 578 1590; x_wconf 86' lang='lat' dir='ltr'><strong>Cornelius</strong></span> <span class='ocrx_word' id='word_1_107' title='bbox 595 1528 753 1608; x_wconf 73' lang='lat' dir='ltr'><strong>legendum</strong></span> <span class='ocrx_word' id='word_1_108' title='bbox 768 1548 829 1591; x_wconf 88' lang='lat' dir='ltr'><strong>esee</strong></span> <span class='ocrx_word' id='word_1_109' title='bbox 843 1529 1022 1591; x_wconf 81' lang='lat' dir='ltr'><strong>coniectavit</strong></span> <span class='ocrx_word' id='word_1_110' title='bbox 1032 1531 1078 1605; x_wconf 75' lang='grc' dir='ltr'><strong>τίς</strong></span> <span class='ocrx_word' id='word_1_111' title='bbox 1090 1524 1148 1607; x_wconf 69' lang='lat' dir='ltr'><strong>oie,</strong></span> <span class='ocrx_word' id='word_1_112' title='bbox 1169 1551 1247 1610; x_wconf 87' lang='lat' dir='ltr'><strong>quo-</strong></span> <span class='ocrx_word' id='word_1_113' title='bbox 1269 1526 1302 1581; x_wconf 85' lang='lat' dir='ltr'><strong>P·</strong></span> <span class='ocrx_word' id='word_1_114' title='bbox 1315 1524 1368 1583; x_wconf 81' lang='grc'><strong>887</strong></span> 
     </span>
     <span class='ocr_line' id='line_1_15' title="bbox 153 1594 1353 1693; baseline 0.001 -18"><span class='ocrx_word' id='word_1_115' title='bbox 153 1613 250 1692; x_wconf 87' lang='lat' dir='ltr'><strong>niam,</strong></span> <span class='ocrx_word' id='word_1_116' title='bbox 270 1614 385 1693; x_wconf 89' lang='lat' dir='ltr'><strong>inquit,</strong></span> <span class='ocrx_word' id='word_1_117' title='bbox 406 1615 439 1673; x_wconf 73' lang='lat' dir='ltr'><strong>et&#39;</strong></span> <span class='ocrx_word' id='word_1_118' title='bbox 450 1636 586 1691; x_wconf 82' lang='lat' dir='ltr'><strong>carmers,</strong></span> <span class='ocrx_word' id='word_1_119' title='bbox 609 1626 637 1675; x_wconf 82' lang='lat' dir='ltr'><strong>et</strong></span> <span class='ocrx_word' id='word_1_120' title='bbox 649 1636 756 1673; x_wconf 80' lang='lat' dir='ltr'><strong>eeneue</strong></span> <span class='ocrx_word' id='word_1_121' title='bbox 766 1615 877 1673; x_wconf 81' lang='lat' dir='ltr'><strong>meliue</strong></span> <span class='ocrx_word' id='word_1_122' title='bbox 890 1636 921 1673; x_wconf 82' lang='lat' dir='ltr'><strong>ee</strong></span> <span class='ocrx_word' id='word_1_123' title='bbox 936 1616 1098 1689; x_wconf 75' lang='lat' dir='ltr'><strong>habebunt.</strong></span> <span class='ocrx_word' id='word_1_124' title='bbox 1141 1620 1250 1677; x_wconf 83' lang='lat' dir='ltr'><strong>Sensus</strong></span> <span class='ocrx_word' id='word_1_125' title='bbox 1267 1594 1353 1651; x_wconf 49' lang='lat'><strong>⁰⁰¹4</strong></span> 
     </span>
     <span class='ocr_line' id='line_1_16' title="bbox 154 1698 1250 1781; baseline 0.002 -22"><span class='ocrx_word' id='word_1_126' title='bbox 154 1708 254 1773; x_wconf 82' lang='lat' dir='ltr'><strong>certe,</strong></span> <span class='ocrx_word' id='word_1_127' title='bbox 275 1700 376 1759; x_wconf 87' lang='lat' dir='ltr'><strong>addita</strong></span> <span class='ocrx_word' id='word_1_128' title='bbox 402 1700 551 1781; x_wconf 85' lang='lat' dir='ltr'><strong>particula</strong></span> <span class='ocrx_word' id='word_1_129' title='bbox 568 1698 626 1775; x_wconf 68' lang='lat' dir='ltr'><strong>oio,</strong></span> <span class='ocrx_word' id='word_1_130' title='bbox 645 1700 740 1779; x_wconf 77' lang='lat' dir='ltr'><strong>magia</strong></span> <span class='ocrx_word' id='word_1_131' title='bbox 754 1700 930 1779; x_wconf 85' lang='lat' dir='ltr'><strong>perepieuua</strong></span> <span class='ocrx_word' id='word_1_132' title='bbox 946 1701 1040 1775; x_wconf 82' lang='lat' dir='ltr'><strong>foret,</strong></span> <span class='ocrx_word' id='word_1_133' title='bbox 1061 1700 1112 1761; x_wconf 82' lang='lat' dir='ltr'><strong>eod</strong></span> <span class='ocrx_word' id='word_1_134' title='bbox 1129 1720 1250 1761; x_wconf 87' lang='lat' dir='ltr'><strong>oarmen</strong></span> 
     </span>
     <span class='ocr_line' id='line_1_17' title="bbox 152 1781 1250 1864; baseline 0 -19"><span class='ocrx_word' id='word_1_135' title='bbox 152 1784 240 1845; x_wconf 85' lang='lat' dir='ltr'><strong>nullo</strong></span> <span class='ocrx_word' id='word_1_136' title='bbox 260 1783 352 1845; x_wconf 85' lang='lat' dir='ltr'><strong>modo</strong></span> <span class='ocrx_word' id='word_1_137' title='bbox 372 1785 524 1845; x_wconf 72' lang='lat' dir='ltr'><strong>meliusne</strong></span> <span class='ocrx_word' id='word_1_138' title='bbox 542 1784 678 1860; x_wconf 85' lang='lat' dir='ltr'><strong>haberet,</strong></span> <span class='ocrx_word' id='word_1_139' title='bbox 698 1804 790 1864; x_wconf 88' lang='lat' dir='ltr'><strong>quum</strong></span> <span class='ocrx_word' id='word_1_140' title='bbox 808 1782 886 1843; x_wconf 82' lang='lat' dir='ltr'>nihil</span> <span class='ocrx_word' id='word_1_141' title='bbox 897 1781 930 1844; x_wconf 92' lang='lat' dir='ltr'><strong>in</strong></span> <span class='ocrx_word' id='word_1_142' title='bbox 945 1806 979 1845; x_wconf 94' lang='lat' dir='ltr'><strong>eo</strong></span> <span class='ocrx_word' id='word_1_143' title='bbox 998 1784 1073 1845; x_wconf 79' lang='lat' dir='ltr'><strong>desit</strong></span> <span class='ocrx_word' id='word_1_144' title='bbox 1089 1786 1126 1846; x_wconf 87' lang='lat' dir='ltr'><strong>ed</strong></span> <span class='ocrx_word' id='word_1_145' title='bbox 1141 1784 1250 1845; x_wconf 89' lang='lat' dir='ltr'><strong>senarii</strong></span> 
     </span>
     <span class='ocr_line' id='line_1_18' title="bbox 153 1867 1251 1951; baseline 0.004 -24"><span class='ocrx_word' id='word_1_146' title='bbox 153 1868 415 1948; x_wconf 75' lang='lat' dir='ltr'><strong>complementum.</strong></span> <span class='ocrx_word' id='word_1_147' title='bbox 443 1870 545 1943; x_wconf 87' lang='lat' dir='ltr'><strong>Quare</strong></span> <span class='ocrx_word' id='word_1_148' title='bbox 555 1867 632 1929; x_wconf 89' lang='lat' dir='ltr'><strong>nihil</strong></span> <span class='ocrx_word' id='word_1_149' title='bbox 644 1888 708 1928; x_wconf 83' lang='lat' dir='ltr'><strong>ease</strong></span> <span class='ocrx_word' id='word_1_150' title='bbox 719 1867 890 1929; x_wconf 85' lang='lat' dir='ltr'><strong>addendum</strong></span> <span class='ocrx_word' id='word_1_151' title='bbox 903 1870 1041 1949; x_wconf 88' lang='lat' dir='ltr'><strong>arbitror,</strong></span> <span class='ocrx_word' id='word_1_152' title='bbox 1053 1870 1251 1951; x_wconf 79' lang='lat' dir='ltr'><strong>praedictam-</strong></span> 
     </span>
     <span class='ocr_line' id='line_1_19' title="bbox 153 1953 901 2033; baseline 0 -20"><span class='ocrx_word' id='word_1_153' title='bbox 153 1972 211 2033; x_wconf 82' lang='lat' dir='ltr'><strong>que</strong></span> <span class='ocrx_word' id='word_1_154' title='bbox 230 1954 410 2033; x_wconf 73' lang='lat' dir='ltr'><strong>particulam</strong></span> <span class='ocrx_word' id='word_1_155' title='bbox 421 1954 523 2033; x_wconf 87' lang='lat' dir='ltr'><strong>potius</strong></span> <span class='ocrx_word' id='word_1_156' title='bbox 540 1974 602 2014; x_wconf 87' lang='lat' dir='ltr'><strong>esse</strong></span> <span class='ocrx_word' id='word_1_157' title='bbox 615 1953 901 2031; x_wconf 83' lang='lat' dir='ltr'><strong>subintelligendam.</strong></span> 
     </span>
    </p>
   </div>
   <div class='ocr_carea' id='block_1_8' title="bbox 150 2053 1309 3374">
    <p class='ocr_par' dir='ltr' id='par_1_8' title="bbox 151 2053 1309 2654">
     <span class='ocr_line' id='line_1_20' title="bbox 238 2053 1249 2142; baseline 0.002 -23"><span class='ocrx_word' id='word_1_158' title='bbox 238 2058 316 2119; x_wconf 73' lang='lat' dir='ltr'><strong>leid.</strong></span> <span class='ocrx_word' id='word_1_159' title='bbox 335 2053 510 2141; x_wconf 67' lang='grc' dir='ltr'><strong><em>Ἰδομενεύς]</em></strong></span> <span class='ocrx_word' id='word_1_160' title='bbox 531 2060 706 2135; x_wconf 74' lang='grc'><strong>1111111111</strong></span> <span class='ocrx_word' id='word_1_161' title='bbox 725 2079 790 2142; x_wconf 85' lang='lat' dir='ltr'><strong>rex¹</strong></span> <span class='ocrx_word' id='word_1_162' title='bbox 805 2058 970 2135; x_wconf 73' lang='lat' dir='ltr'><strong>Cretensis,</strong></span> <span class='ocrx_word' id='word_1_163' title='bbox 991 2059 1043 2138; x_wconf 90' lang='lat' dir='ltr'><strong>qui</strong></span> <span class='ocrx_word' id='word_1_164' title='bbox 1066 2058 1195 2120; x_wconf 83' lang='lat' dir='ltr'><strong>maxime</strong></span> <span class='ocrx_word' id='word_1_165' title='bbox 1215 2058 1249 2121; x_wconf 89' lang='lat' dir='ltr'><strong>in</strong></span> 
     </span>
     <span class='ocr_line' id='line_1_21' title="bbox 152 2142 1250 2224; baseline 0.002 -21"><span class='ocrx_word' id='word_1_166' title='bbox 152 2142 283 2205; x_wconf 83' lang='lat' dir='ltr'><strong>Troiano</strong></span> <span class='ocrx_word' id='word_1_167' title='bbox 296 2144 375 2205; x_wconf 84' lang='lat' dir='ltr'><strong>bello</strong></span> <span class='ocrx_word' id='word_1_168' title='bbox 393 2144 546 2207; x_wconf 86' lang='lat' dir='ltr'><strong>inclaruit.</strong></span> <span class='ocrx_word' id='word_1_169' title='bbox 586 2144 645 2204; x_wconf 88' lang='lat' dir='ltr'><strong>Hic</strong></span> <span class='ocrx_word' id='word_1_170' title='bbox 658 2164 725 2204; x_wconf 88' lang='lat' dir='ltr'><strong>cum</strong></span> <span class='ocrx_word' id='word_1_171' title='bbox 740 2152 812 2224; x_wconf 89' lang='lat' dir='ltr'><strong>post</strong></span> <span class='ocrx_word' id='word_1_172' title='bbox 826 2163 957 2203; x_wconf 79' lang='lat' dir='ltr'><strong>eversam</strong></span> <span class='ocrx_word' id='word_1_173' title='bbox 970 2145 1091 2206; x_wconf 86' lang='lat' dir='ltr'><strong>Troiam</strong></span> <span class='ocrx_word' id='word_1_174' title='bbox 1106 2164 1174 2205; x_wconf 88' lang='lat' dir='ltr'><strong>cum</strong></span> <span class='ocrx_word' id='word_1_175' title='bbox 1185 2144 1250 2205; x_wconf 79' lang='lat' dir='ltr'><strong>euie</strong></span> 
     </span>
     <span class='ocr_line' id='line_1_22' title="bbox 151 2228 1254 2309; baseline 0 -20"><span class='ocrx_word' id='word_1_176' title='bbox 151 2238 367 2308; x_wconf 69' lang='lat' dir='ltr'><strong>revomeretur,</strong></span> <span class='ocrx_word' id='word_1_177' title='bbox 389 2238 419 2289; x_wconf 91' lang='lat' dir='ltr'><strong>et</strong></span> <span class='ocrx_word' id='word_1_178' title='bbox 441 2229 507 2289; x_wconf 82' lang='lat' dir='ltr'><strong>dire</strong></span> <span class='ocrx_word' id='word_1_179' title='bbox 532 2238 709 2309; x_wconf 78' lang='lat' dir='ltr'><strong>tempestate</strong></span> <span class='ocrx_word' id='word_1_180' title='bbox 732 2230 796 2289; x_wconf 85' lang='lat' dir='ltr'><strong>eius</strong></span> <span class='ocrx_word' id='word_1_181' title='bbox 820 2228 923 2289; x_wconf 76' lang='lat' dir='ltr'><strong>cleeris</strong></span> <span class='ocrx_word' id='word_1_182' title='bbox 936 2229 1109 2309; x_wconf 76' lang='lat' dir='ltr'><strong>agitaretur,</strong></span> <span class='ocrx_word' id='word_1_183' title='bbox 1130 2228 1254 2289; x_wconf 81' lang='lat' dir='ltr'><strong>devovit</strong></span> 
     </span>
     <span class='ocr_line' id='line_1_23' title="bbox 151 2311 1253 2394; baseline 0.002 -23"><span class='ocrx_word' id='word_1_184' title='bbox 151 2311 217 2373; x_wconf 86' lang='lat' dir='ltr'><strong>Diis</strong></span> <span class='ocrx_word' id='word_1_185' title='bbox 238 2314 477 2375; x_wconf 86' lang='lat' dir='ltr'><strong>sacrificaturum</strong></span> <span class='ocrx_word' id='word_1_186' title='bbox 499 2335 531 2374; x_wconf 88' lang='lat' dir='ltr'><strong>ee</strong></span> <span class='ocrx_word' id='word_1_187' title='bbox 544 2335 625 2394; x_wconf 85' lang='lat' dir='ltr'><strong>rem,</strong></span> <span class='ocrx_word' id='word_1_188' title='bbox 647 2334 723 2394; x_wconf 86' lang='lat' dir='ltr'><strong>quae</strong></span> <span class='ocrx_word' id='word_1_189' title='bbox 741 2314 768 2373; x_wconf 88' lang='lat' dir='ltr'><strong>ei</strong></span> <span class='ocrx_word' id='word_1_190' title='bbox 786 2314 916 2393; x_wconf 89' lang='lat' dir='ltr'><strong>primum</strong></span> <span class='ocrx_word' id='word_1_191' title='bbox 930 2324 1108 2376; x_wconf 87' lang='lat' dir='ltr'><strong>occurreret.</strong></span> <span class='ocrx_word' id='word_1_192' title='bbox 1149 2314 1253 2393; x_wconf 88' lang='lat' dir='ltr'><strong>ltaque</strong></span> 
     </span>
     <span class='ocr_line' id='line_1_24' title="bbox 152 2396 1309 2481; baseline 0.002 -25"><span class='ocrx_word' id='word_1_193' title='bbox 152 2396 261 2472; x_wconf 85' lang='lat' dir='ltr'><strong>filium,</strong></span> <span class='ocrx_word' id='word_1_194' title='bbox 281 2400 334 2481; x_wconf 89' lang='lat' dir='ltr'><strong>qui</strong></span> <span class='ocrx_word' id='word_1_195' title='bbox 348 2400 462 2481; x_wconf 89' lang='lat' dir='ltr'><strong>primus</strong></span> <span class='ocrx_word' id='word_1_196' title='bbox 474 2399 501 2459; x_wconf 89' lang='lat' dir='ltr'><strong>ei</strong></span> <span class='ocrx_word' id='word_1_197' title='bbox 515 2399 633 2461; x_wconf 83' lang='lat' dir='ltr'><strong>obviarn</strong></span> <span class='ocrx_word' id='word_1_198' title='bbox 646 2400 740 2475; x_wconf 84' lang='lat' dir='ltr'><strong>venit,</strong></span> <span class='ocrx_word' id='word_1_199' title='bbox 762 2398 953 2479; x_wconf 83' lang='lat' dir='ltr'><strong>sacrificavit,</strong></span> <span class='ocrx_word' id='word_1_200' title='bbox 973 2401 1033 2478; x_wconf 87' lang='lat' dir='ltr'><strong>vel,</strong></span> <span class='ocrx_word' id='word_1_201' title='bbox 1056 2408 1092 2460; x_wconf 89' lang='lat' dir='ltr'><strong>ut</strong></span> <span class='ocrx_word' id='word_1_202' title='bbox 1108 2398 1175 2460; x_wconf 89' lang='lat' dir='ltr'><strong>aliis</strong></span> <span class='ocrx_word' id='word_1_203' title='bbox 1189 2398 1254 2481; x_wconf 87' lang='lat' dir='ltr'><strong>ple.</strong></span> <span class='ocrx_word' id='word_1_204' title='bbox 1300 2449 1309 2454; x_wconf 85' lang='lat'><strong>-</strong></span> 
     </span>
     <span class='ocr_line' id='line_1_25' title="bbox 152 2481 1253 2566; baseline 0.003 -25"><span class='ocrx_word' id='word_1_205' title='bbox 152 2485 220 2560; x_wconf 82' lang='lat' dir='ltr'><strong>cet,</strong></span> <span class='ocrx_word' id='word_1_206' title='bbox 243 2485 403 2544; x_wconf 83' lang='lat' dir='ltr'><strong>sacrificari</strong></span> <span class='ocrx_word' id='word_1_207' title='bbox 426 2485 528 2564; x_wconf 89' lang='lat' dir='ltr'><strong>iussit,</strong></span> <span class='ocrx_word' id='word_1_208' title='bbox 549 2485 588 2546; x_wconf 91' lang='lat' dir='ltr'><strong>ob</strong></span> <span class='ocrx_word' id='word_1_209' title='bbox 603 2481 692 2566; x_wconf 77' lang='lat' dir='ltr'><strong>quain</strong></span> <span class='ocrx_word' id='word_1_210' title='bbox 714 2504 833 2544; x_wconf 87' lang='lat' dir='ltr'><strong>caueam</strong></span> <span class='ocrx_word' id='word_1_211' title='bbox 852 2505 870 2543; x_wconf 89' lang='grc'><strong>1</strong></span> <span class='ocrx_word' id='word_1_212' title='bbox 894 2485 1010 2546; x_wconf 84' lang='lat' dir='ltr'><strong>civibus</strong></span> <span class='ocrx_word' id='word_1_213' title='bbox 1028 2505 1120 2563; x_wconf 85' lang='lat' dir='ltr'><strong>regno</strong></span> <span class='ocrx_word' id='word_1_214' title='bbox 1135 2486 1253 2566; x_wconf 88' lang='lat' dir='ltr'><strong>puleue,</strong></span> 
     </span>
     <span class='ocr_line' id='line_1_26' title="bbox 153 2567 1252 2654; baseline 0.006 -29"><span class='ocrx_word' id='word_1_215' title='bbox 153 2567 338 2631; x_wconf 81' lang='lat' dir='ltr'><strong>Salentiuum</strong></span> <span class='ocrx_word' id='word_1_216' title='bbox 354 2571 506 2632; x_wconf 84' lang='lat' dir='ltr'><strong>Calabriae</strong></span> <span class='ocrx_word' id='word_1_217' title='bbox 524 2569 766 2654; x_wconf 82' lang='lat' dir='ltr'><strong>promontorium</strong></span> <span class='ocrx_word' id='word_1_218' title='bbox 782 2568 921 2650; x_wconf 79' lang='lat' dir='ltr'><strong>divertit,</strong></span> <span class='ocrx_word' id='word_1_219' title='bbox 942 2570 994 2632; x_wconf 87' lang='lat' dir='ltr'><strong>ubi</strong></span> <span class='ocrx_word' id='word_1_220' title='bbox 1010 2570 1163 2634; x_wconf 83' lang='lat' dir='ltr'><strong>civitatem</strong></span> <span class='ocrx_word' id='word_1_221' title='bbox 1175 2591 1252 2632; x_wconf 91' lang='lat' dir='ltr'><strong>cou-</strong></span> 
     </span>
    </p>

    <p class='ocr_par' dir='ltr' id='par_1_9' title="bbox 154 2754 1251 2905">
     <span class='ocr_line' id='line_1_27' title="bbox 237 2754 1251 2844; baseline -0.003 -19"><span class='ocrx_word' id='word_1_222' title='bbox 237 2763 309 2827; x_wconf 74' lang='lat'><strong>129.</strong></span> <span class='ocrx_word' id='word_1_223' title='bbox 334 2754 407 2844; x_wconf 73' lang='grc' dir='ltr'><strong>Τάς]</strong></span> <span class='ocrx_word' id='word_1_224' title='bbox 428 2763 480 2824; x_wconf 87' lang='lat' dir='ltr'><strong>Sio</strong></span> <span class='ocrx_word' id='word_1_225' title='bbox 497 2762 610 2842; x_wconf 80' lang='lat' dir='ltr'><strong>Codex,</strong></span> <span class='ocrx_word' id='word_1_226' title='bbox 629 2770 661 2824; x_wconf 87' lang='lat' dir='ltr'><strong>et</strong></span> <span class='ocrx_word' id='word_1_227' title='bbox 674 2761 719 2823; x_wconf 90' lang='lat' dir='ltr'><strong>sie</strong></span> <span class='ocrx_word' id='word_1_228' title='bbox 731 2781 852 2844; x_wconf 86' lang='lat' dir='ltr'><strong>quoque</strong></span> <span class='ocrx_word' id='word_1_229' title='bbox 868 2760 1021 2824; x_wconf 76' lang='lat' dir='ltr'><strong>Cornelius</strong></span> <span class='ocrx_word' id='word_1_230' title='bbox 1032 2761 1251 2824; x_wconf 83' lang='lat' dir='ltr'><strong>emendandam</strong></span> 
     </span>
     <span class='ocr_line' id='line_1_28' title="bbox 154 2845 280 2905; baseline 0.016 -2"><span class='ocrx_word' id='word_1_231' title='bbox 154 2845 280 2905; x_wconf 73' lang='lat' dir='ltr'><strong>aemuia</strong></span> 
     </span>
    </p>

    <p class='ocr_par' dir='ltr' id='par_1_10' title="bbox 150 2944 1250 3374">
     <span class='ocr_line' id='line_1_29' title="bbox 237 2944 1250 3036; baseline -0.006 -19"><span class='ocrx_word' id='word_1_232' title='bbox 237 2953 309 3017; x_wconf 83' lang='lat'><strong>130.</strong></span> <span class='ocrx_word' id='word_1_233' title='bbox 319 2944 442 3032; x_wconf 77' lang='grc' dir='ltr'><strong><em>Ἀτρὲως</em></strong></span> <span class='ocrx_word' id='word_1_234' title='bbox 455 2945 557 3036; x_wconf 74' lang='grc' dir='ltr'><strong><em>γόνος]</em></strong></span> <span class='ocrx_word' id='word_1_235' title='bbox 570 2953 820 3034; x_wconf 79' lang='lat' dir='ltr'><strong>Agamemnonem</strong></span> <span class='ocrx_word' id='word_1_236' title='bbox 832 2952 967 3032; x_wconf 85' lang='lat' dir='ltr'><strong>intellige</strong></span> <span class='ocrx_word' id='word_1_237' title='bbox 979 2951 1064 3012; x_wconf 79' lang='lat' dir='ltr'><strong>Atrei</strong></span> <span class='ocrx_word' id='word_1_238' title='bbox 1081 2972 1118 3012; x_wconf 79' lang='lat' dir='ltr'><strong>ex</strong></span> <span class='ocrx_word' id='word_1_239' title='bbox 1133 2949 1250 3031; x_wconf 79' lang='lat' dir='ltr'><strong>Aerope</strong></span> 
     </span>
     <span class='ocr_line' id='line_1_30' title="bbox 150 3031 1249 3120; baseline 0 -26"><span class='ocrx_word' id='word_1_240' title='bbox 150 3031 259 3099; x_wconf 77' lang='lat' dir='ltr'><strong>filium.</strong></span> <span class='ocrx_word' id='word_1_241' title='bbox 299 3036 329 3095; x_wconf 90' lang='lat' dir='ltr'><strong>Ie</strong></span> <span class='ocrx_word' id='word_1_242' title='bbox 353 3036 543 3098; x_wconf 87' lang='lat' dir='ltr'><strong>Idomeneum</strong></span> <span class='ocrx_word' id='word_1_243' title='bbox 562 3040 601 3101; x_wconf 84' lang='lat' dir='ltr'><strong>ad</strong></span> <span class='ocrx_word' id='word_1_244' title='bbox 617 3041 761 3120; x_wconf 88' lang='lat' dir='ltr'><strong>praelium</strong></span> <span class='ocrx_word' id='word_1_245' title='bbox 777 3040 917 3100; x_wconf 72' lang='lat' dir='ltr'><strong>adversus</strong></span> <span class='ocrx_word' id='word_1_246' title='bbox 930 3037 1075 3100; x_wconf 74' lang='lat' dir='ltr'><strong>Troianos</strong></span> <span class='ocrx_word' id='word_1_247' title='bbox 1089 3037 1160 3096; x_wconf 81' lang='lat' dir='ltr'><strong>forti</strong></span> <span class='ocrx_word' id='word_1_248' title='bbox 1176 3035 1249 3096; x_wconf 90' lang='lat' dir='ltr'><strong>ani-</strong></span> 
     </span>
     <span class='ocr_line' id='line_1_31' title="bbox 151 3121 1248 3200; baseline 0.002 -21"><span class='ocrx_word' id='word_1_249' title='bbox 151 3139 202 3179; x_wconf 93' lang='lat' dir='ltr'><strong>mo</strong></span> <span class='ocrx_word' id='word_1_250' title='bbox 219 3121 479 3200; x_wconf 84' lang='lat' dir='ltr'><strong>committendum,</strong></span> <span class='ocrx_word' id='word_1_251' title='bbox 499 3133 575 3184; x_wconf 86' lang='lat' dir='ltr'><strong>teste</strong></span> <span class='ocrx_word' id='word_1_252' title='bbox 586 3125 716 3185; x_wconf 86' lang='lat' dir='ltr'><strong>Homero</strong></span> <span class='ocrx_word' id='word_1_253' title='bbox 736 3123 822 3184; x_wconf 86' lang='lat' dir='ltr'><strong>lliad.</strong></span> <span class='ocrx_word' id='word_1_254' title='bbox 836 3124 888 3184; x_wconf 92' lang='lat' dir='ltr'><strong>lib.</strong></span> <span class='ocrx_word' id='word_1_255' title='bbox 902 3123 953 3184; x_wconf 87' lang='lat' dir='ltr'><strong>IV.</strong></span> <span class='ocrx_word' id='word_1_256' title='bbox 964 3144 993 3185; x_wconf 85' lang='lat' dir='ltr'><strong>v-</strong></span> <span class='ocrx_word' id='word_1_257' title='bbox 1010 3123 1082 3190; x_wconf 79' lang='lat'><strong>251.</strong></span> <span class='ocrx_word' id='word_1_258' title='bbox 1096 3121 1248 3182; x_wconf 79' lang='lat' dir='ltr'><strong>excitavit.</strong></span> 
     </span>
     <span class='ocr_line' id='line_1_32' title="bbox 152 3204 1249 3286; baseline 0 -22"><span class='ocrx_word' id='word_1_259' title='bbox 152 3205 247 3278; x_wconf 66' lang='lat' dir='ltr'><strong>Quot}</strong></span> <span class='ocrx_word' id='word_1_260' title='bbox 274 3217 373 3266; x_wconf 88' lang='lat' dir='ltr'><strong>antem</strong></span> <span class='ocrx_word' id='word_1_261' title='bbox 397 3207 515 3286; x_wconf 88' lang='lat' dir='ltr'><strong>iuquit,</strong></span> <span class='ocrx_word' id='word_1_262' title='bbox 544 3205 598 3285; x_wconf 70' lang='grc' dir='ltr'><strong>τὰς</strong></span> <span class='ocrx_word' id='word_1_263' title='bbox 626 3204 752 3284; x_wconf 61' lang='lat' dir='ltr'><strong>duretis</strong></span> <span class='ocrx_word' id='word_1_264' title='bbox 769 3209 970 3286; x_wconf 71' lang='grc' dir='ltr'><strong><em>ἐξονειδίζων,</em></strong></span> <span class='ocrx_word' id='word_1_265' title='bbox 1000 3208 1249 3286; x_wconf 80' lang='lat' dir='ltr'><strong>Agamemnonem</strong></span> 
     </span>
     <span class='ocr_line' id='line_1_33' title="bbox 151 3291 1249 3374; baseline 0 -25"><span class='ocrx_word' id='word_1_266' title='bbox 151 3310 259 3372; x_wconf 87' lang='lat' dir='ltr'><strong>nempe</strong></span> <span class='ocrx_word' id='word_1_267' title='bbox 270 3291 430 3351; x_wconf 86' lang='lat' dir='ltr'><strong>Idomeneo</strong></span> <span class='ocrx_word' id='word_1_268' title='bbox 445 3292 558 3372; x_wconf 88' lang='lat' dir='ltr'><strong>minas,</strong></span> <span class='ocrx_word' id='word_1_269' title='bbox 580 3295 655 3374; x_wconf 83' lang='lat' dir='ltr'><strong>quas</strong></span> <span class='ocrx_word' id='word_1_270' title='bbox 669 3304 756 3354; x_wconf 87' lang='lat' dir='ltr'><strong>antea</strong></span> <span class='ocrx_word' id='word_1_271' title='bbox 770 3295 822 3354; x_wconf 86' lang='lat' dir='ltr'><strong>ille</strong></span> <span class='ocrx_word' id='word_1_272' title='bbox 835 3303 939 3354; x_wconf 89' lang='lat' dir='ltr'><strong>contra</strong></span> <span class='ocrx_word' id='word_1_273' title='bbox 955 3293 1098 3353; x_wconf 87' lang='lat' dir='ltr'><strong>Troianos</strong></span> <span class='ocrx_word' id='word_1_274' title='bbox 1115 3293 1249 3352; x_wconf 86' lang='lat' dir='ltr'><strong>intenta·</strong></span> 
     </span>
    </p>
   </div>
   <div class='ocr_carea' id='block_1_9' title="bbox 150 3375 1248 3542">
    <p class='ocr_par' dir='ltr' id='par_1_11' title="bbox 150 3375 1248 3542">
     <span class='ocr_line' id='line_1_34' title="bbox 150 3375 1248 3457; baseline 0.002 -23"><span class='ocrx_word' id='word_1_275' title='bbox 150 3386 247 3453; x_wconf 79' lang='lat' dir='ltr'><strong>verat,</strong></span> <span class='ocrx_word' id='word_1_276' title='bbox 266 3375 473 3456; x_wconf 84' lang='lat' dir='ltr'><strong>exprobrasse,</strong></span> <span class='ocrx_word' id='word_1_277' title='bbox 497 3378 534 3437; x_wconf 93' lang='lat' dir='ltr'><strong>ad</strong></span> <span class='ocrx_word' id='word_1_278' title='bbox 550 3381 652 3440; x_wconf 86' lang='lat' dir='ltr'><strong>eadem</strong></span> <span class='ocrx_word' id='word_1_279' title='bbox 661 3379 888 3457; x_wconf 79' lang='lat' dir='ltr'><strong>Agamemnonis</strong></span> <span class='ocrx_word' id='word_1_280' title='bbox 903 3379 993 3442; x_wconf 86' lang='lat' dir='ltr'><strong>verba</strong></span> <span class='ocrx_word' id='word_1_281' title='bbox 1007 3377 1044 3438; x_wconf 87' lang='lat' dir='ltr'><strong>ah</strong></span> <span class='ocrx_word' id='word_1_282' title='bbox 1061 3379 1189 3440; x_wconf 87' lang='lat' dir='ltr'><strong>Homero</strong></span> <span class='ocrx_word' id='word_1_283' title='bbox 1205 3375 1248 3436; x_wconf 74' lang='lat' dir='ltr'><strong>al.</strong></span> 
     </span>
     <span class='ocr_line' id='line_1_35' title="bbox 150 3459 736 3542; baseline 0.01 -22"><span class='ocrx_word' id='word_1_284' title='bbox 150 3459 213 3520; x_wconf 80' lang='lat' dir='ltr'><strong>lau</strong></span> <span class='ocrx_word' id='word_1_285' title='bbox 234 3461 365 3542; x_wconf 87' lang='lat' dir='ltr'><strong>respicit.</strong></span> <span class='ocrx_word' id='word_1_286' title='bbox 385 3461 461 3521; x_wconf 81' lang='lat' dir='ltr'><strong>ibid.</strong></span> <span class='ocrx_word' id='word_1_287' title='bbox 477 3481 508 3523; x_wconf 81' lang='lat' dir='ltr'><strong>v.</strong></span> <span class='ocrx_word' id='word_1_288' title='bbox 519 3465 593 3530; x_wconf 81' lang='lat'><strong>264.</strong></span> <span class='ocrx_word' id='word_1_289' title='bbox 613 3465 665 3525; x_wconf 92' lang='lat' dir='ltr'><strong>ubi</strong></span> <span class='ocrx_word' id='word_1_290' title='bbox 677 3465 736 3526; x_wconf 74' lang='lat' dir='ltr'><strong>aitz</strong></span> 
     </span>
    </p>
   </div>
   <div class='ocr_carea' id='block_1_10' title="bbox 214 3579 1185 3776">
    <p class='ocr_par' dir='ltr' id='par_1_12' title="bbox 214 3579 1185 3776">
     <span class='ocr_line' id='line_1_36' title="bbox 215 3579 1000 3676; baseline 0 -26"><span class='ocrx_word' id='word_1_291' title='bbox 215 3579 295 3650; x_wconf 75' lang='lat' dir='ltr'><strong>’Ait’</strong></span> <span class='ocrx_word' id='word_1_292' title='bbox 310 3583 397 3669; x_wconf 78' lang='grc' dir='ltr'><strong><em>’ὄρσευ</em></strong></span> <span class='ocrx_word' id='word_1_293' title='bbox 406 3581 590 3669; x_wconf 75' lang='grc' dir='ltr'><strong>πολεμόν1’,</strong></span> <span class='ocrx_word' id='word_1_294' title='bbox 612 3584 677 3665; x_wconf 73' lang='grc' dir='ltr'><strong>οἷος</strong></span> <span class='ocrx_word' id='word_1_295' title='bbox 691 3584 790 3676; x_wconf 76' lang='grc' dir='ltr'><em>πάρος</em></span> <span class='ocrx_word' id='word_1_296' title='bbox 809 3585 893 3670; x_wconf 70' lang='grc' dir='ltr'><strong><em>εὔχεο</em></strong></span> <span class='ocrx_word' id='word_1_297' title='bbox 912 3581 1000 3652; x_wconf 75' lang='grc' dir='ltr'><strong>εἶναι.</strong></span> 
     </span>
     <span class='ocr_line' id='line_1_37' title="bbox 214 3691 1185 3776; baseline -0.002 -22"><span class='ocrx_word' id='word_1_298' title='bbox 214 3691 277 3754; x_wconf 78' lang='lat' dir='ltr'><strong>Sed</strong></span> <span class='ocrx_word' id='word_1_299' title='bbox 287 3693 514 3776; x_wconf 70' lang='lat' dir='ltr'><strong>prorumpenti</strong></span> <span class='ocrx_word' id='word_1_300' title='bbox 526 3695 640 3756; x_wconf 79' lang='lat' dir='ltr'><strong>bellum</strong></span> <span class='ocrx_word' id='word_1_301' title='bbox 654 3698 744 3774; x_wconf 76' lang='lat' dir='ltr'><strong>ralia,</strong></span> <span class='ocrx_word' id='word_1_302' title='bbox 766 3696 872 3776; x_wconf 78' lang='lat' dir='ltr'><strong>qualia</strong></span> <span class='ocrx_word' id='word_1_303' title='bbox 887 3706 976 3754; x_wconf 83' lang='lat' dir='ltr'><strong>antea</strong></span> <span class='ocrx_word' id='word_1_304' title='bbox 986 3692 1185 3775; x_wconf 69' lang='lat' dir='ltr'><strong>gloriabaris.</strong></span> 
     </span>
    </p>
   </div>
   <div class='ocr_carea' id='block_1_11' title="bbox 62 3817 1251 4338">
    <p class='ocr_par' dir='ltr' id='par_1_13' title="bbox 62 3817 1251 4338">
     <span class='ocr_line' id='line_1_38' title="bbox 237 3817 1249 3903; baseline -0.01 -17"><span class='ocrx_word' id='word_1_305' title='bbox 237 3823 309 3886; x_wconf 79' lang='lat'><strong>181.</strong></span> <span class='ocrx_word' id='word_1_306' title='bbox 330 3823 522 3902; x_wconf 70' lang='grc' dir='ltr'><strong>Παρελθεῖν.</strong></span> <span class='ocrx_word' id='word_1_307' title='bbox 537 3865 546 3882; x_wconf 88' lang='grc'><strong>.</strong></span> <span class='ocrx_word' id='word_1_308' title='bbox 560 3865 569 3883; x_wconf 90' lang='grc'><strong>.</strong></span> <span class='ocrx_word' id='word_1_309' title='bbox 582 3865 591 3884; x_wconf 84' lang='grc'><strong>.</strong></span> <span class='ocrx_word' id='word_1_310' title='bbox 604 3817 658 3887; x_wconf 76' lang='lat' dir='ltr'><strong>niv</strong></span> <span class='ocrx_word' id='word_1_311' title='bbox 670 3819 757 3903; x_wconf 77' lang='grc' dir='ltr'><strong><em>βίον]</em></strong></span> <span class='ocrx_word' id='word_1_312' title='bbox 789 3822 862 3897; x_wconf 60' lang='lat' dir='ltr'><strong>ecoe</strong></span> <span class='ocrx_word' id='word_1_313' title='bbox 876 3822 927 3882; x_wconf 90' lang='lat' dir='ltr'><strong>hio</strong></span> <span class='ocrx_word' id='word_1_314' title='bbox 940 3843 997 3902; x_wconf 88' lang='lat' dir='ltr'><strong>pro</strong></span> <span class='ocrx_word' id='word_1_315' title='bbox 1011 3821 1099 3880; x_wconf 79' lang='lat' dir='ltr'><strong>honio</strong></span> <span class='ocrx_word' id='word_1_316' title='bbox 1117 3839 1168 3880; x_wconf 89' lang='lat' dir='ltr'><strong>seu</strong></span> <span class='ocrx_word' id='word_1_317' title='bbox 1174 3817 1249 3896; x_wconf 85' lang='lat' dir='ltr'><strong>for-</strong></span> 
     </span>
     <span class='ocr_line' id='line_1_39' title="bbox 150 3903 1249 3989; baseline 0.001 -27"><span class='ocrx_word' id='word_1_318' title='bbox 150 3904 239 3964; x_wconf 71' lang='lat' dir='ltr'><strong>runa</strong></span> <span class='ocrx_word' id='word_1_319' title='bbox 259 3903 434 3983; x_wconf 81' lang='lat' dir='ltr'><strong>adhibetur,</strong></span> <span class='ocrx_word' id='word_1_320' title='bbox 457 3927 519 3988; x_wconf 88' lang='lat' dir='ltr'><strong>quo</strong></span> <span class='ocrx_word' id='word_1_321' title='bbox 533 3928 621 3968; x_wconf 90' lang='lat' dir='ltr'><strong>sensu</strong></span> <span class='ocrx_word' id='word_1_322' title='bbox 634 3908 738 3989; x_wconf 88' lang='lat' dir='ltr'><strong>pluree</strong></span> <span class='ocrx_word' id='word_1_323' title='bbox 752 3907 859 3968; x_wconf 86' lang='lat' dir='ltr'><strong>Graeci</strong></span> <span class='ocrx_word' id='word_1_324' title='bbox 872 3917 937 3968; x_wconf 89' lang='lat' dir='ltr'><strong>tum</strong></span> <span class='ocrx_word' id='word_1_325' title='bbox 949 3913 1068 3988; x_wconf 81' lang='lat' dir='ltr'><strong>po&#39;etee,</strong></span> <span class='ocrx_word' id='word_1_326' title='bbox 1089 3914 1156 3964; x_wconf 88' lang='lat' dir='ltr'><strong>turn</strong></span> <span class='ocrx_word' id='word_1_327' title='bbox 1178 3922 1249 3964; x_wconf 87' lang='lat' dir='ltr'><strong>ore-</strong></span> 
     </span>
     <span class='ocr_line' id='line_1_40' title="bbox 149 3986 1250 4077; baseline -0.002 -29"><span class='ocrx_word' id='word_1_328' title='bbox 149 3997 232 4048; x_wconf 84' lang='lat' dir='ltr'><strong>torea</strong></span> <span class='ocrx_word' id='word_1_329' title='bbox 252 4001 453 4070; x_wconf 85' lang='lat' dir='ltr'><strong>usurparunt,</strong></span> <span class='ocrx_word' id='word_1_330' title='bbox 474 3993 549 4052; x_wconf 83' lang='lat' dir='ltr'><strong>adeo</strong></span> <span class='ocrx_word' id='word_1_331' title='bbox 569 4001 606 4053; x_wconf 89' lang='lat' dir='ltr'><strong>ut</strong></span> <span class='ocrx_word' id='word_1_332' title='bbox 617 3997 781 4077; x_wconf 75' lang='grc' dir='ltr'><strong><em>παρελθεῖν</em></strong></span> <span class='ocrx_word' id='word_1_333' title='bbox 791 3988 843 4056; x_wconf 84' lang='grc' dir='ltr'><strong>τόν</strong></span> <span class='ocrx_word' id='word_1_334' title='bbox 857 3994 926 4074; x_wconf 73' lang='grc' dir='ltr'><strong><em>βίον</em></strong></span> <span class='ocrx_word' id='word_1_335' title='bbox 938 4013 960 4050; x_wconf 82' lang='lat' dir='ltr'><strong>a</strong></span> <span class='ocrx_word' id='word_1_336' title='bbox 971 3993 1057 4052; x_wconf 73' lang='lat' dir='ltr'><strong>bouis</strong></span> <span class='ocrx_word' id='word_1_337' title='bbox 1071 3989 1192 4049; x_wconf 78' lang='lat' dir='ltr'><strong>demere</strong></span> <span class='ocrx_word' id='word_1_338' title='bbox 1205 3986 1250 4047; x_wconf 90' lang='lat' dir='ltr'><strong>ai·</strong></span> 
     </span>
     <span class='ocr_line' id='line_1_41' title="bbox 150 4071 1251 4158; baseline -0.001 -25"><span class='ocrx_word' id='word_1_339' title='bbox 150 4073 281 4151; x_wconf 78' lang='lat' dir='ltr'><strong>guifioet.</strong></span> <span class='ocrx_word' id='word_1_340' title='bbox 327 4075 435 4136; x_wconf 84' lang='lat' dir='ltr'><strong>Melius</strong></span> <span class='ocrx_word' id='word_1_341' title='bbox 455 4077 557 4157; x_wconf 86' lang='lat' dir='ltr'><strong>itaque</strong></span> <span class='ocrx_word' id='word_1_342' title='bbox 578 4098 612 4137; x_wconf 90' lang='lat' dir='ltr'><strong>se</strong></span> <span class='ocrx_word' id='word_1_343' title='bbox 634 4079 754 4158; x_wconf 71' lang='lat' dir='ltr'><strong>gestisse</strong></span> <span class='ocrx_word' id='word_1_344' title='bbox 776 4077 907 4140; x_wconf 85' lang='lat' dir='ltr'><strong>affirmet</strong></span> <span class='ocrx_word' id='word_1_345' title='bbox 923 4078 1132 4152; x_wconf 86' lang='lat' dir='ltr'><strong>Idomeneum,</strong></span> <span class='ocrx_word' id='word_1_346' title='bbox 1164 4071 1251 4153; x_wconf 88' lang='lat' dir='ltr'><strong>quie</strong></span> 
     </span>
     <span class='ocr_line' id='line_1_42' title="bbox 151 4157 1249 4244; baseline -0.001 -26"><span class='ocrx_word' id='word_1_347' title='bbox 151 4157 240 4218; x_wconf 84' lang='lat' dir='ltr'><strong>Grata</strong></span> <span class='ocrx_word' id='word_1_348' title='bbox 252 4159 357 4240; x_wconf 88' lang='lat' dir='ltr'><strong>pulsus</strong></span> <span class='ocrx_word' id='word_1_349' title='bbox 375 4161 486 4241; x_wconf 86' lang='lat' dir='ltr'><strong>absque</strong></span> <span class='ocrx_word' id='word_1_350' title='bbox 500 4162 661 4223; x_wconf 85' lang='lat' dir='ltr'><strong>certamine</strong></span> <span class='ocrx_word' id='word_1_351' title='bbox 674 4183 766 4242; x_wconf 81' lang='lat' dir='ltr'><strong>regno</strong></span> <span class='ocrx_word' id='word_1_352' title='bbox 781 4164 880 4241; x_wconf 70' lang='lat' dir='ltr'><strong>cessit,</strong></span> <span class='ocrx_word' id='word_1_353' title='bbox 892 4183 931 4222; x_wconf 89' lang='lat' dir='ltr'><strong>ne</strong></span> <span class='ocrx_word' id='word_1_354' title='bbox 945 4162 1072 4244; x_wconf 84' lang='lat' dir='ltr'><strong>patriam</strong></span> <span class='ocrx_word' id='word_1_355' title='bbox 1083 4177 1166 4220; x_wconf 88' lang='lat' dir='ltr'><strong>suam</strong></span> <span class='ocrx_word' id='word_1_356' title='bbox 1181 4175 1249 4238; x_wconf 86' lang='lat' dir='ltr'><strong>per-</strong></span> 
     </span>
     <span class='ocr_line' id='line_1_43' title="bbox 62 4241 1249 4338; baseline 0.001 -35"><span class='ocrx_word' id='word_1_357' title='bbox 62 4331 67 4338; x_wconf 27' lang='lat'><em>·</em></span> <span class='ocrx_word' id='word_1_358' title='bbox 151 4241 256 4321; x_wconf 76' lang='lat' dir='ltr'><strong>tieret,</strong></span> <span class='ocrx_word' id='word_1_359' title='bbox 277 4264 368 4326; x_wconf 81' lang='lat' dir='ltr'><strong>quam</strong></span> <span class='ocrx_word' id='word_1_360' title='bbox 389 4247 547 4328; x_wconf 81' lang='lat' dir='ltr'><strong>Saraceni,</strong></span> <span class='ocrx_word' id='word_1_361' title='bbox 566 4248 619 4329; x_wconf 86' lang='lat' dir='ltr'><strong>qui</strong></span> <span class='ocrx_word' id='word_1_362' title='bbox 638 4248 824 4312; x_wconf 83' lang='lat' dir='ltr'><strong>Graecorum</strong></span> <span class='ocrx_word' id='word_1_363' title='bbox 837 4248 928 4312; x_wconf 87' lang='lat' dir='ltr'><strong>ermis</strong></span> <span class='ocrx_word' id='word_1_364' title='bbox 944 4247 1119 4310; x_wconf 80' lang='lat' dir='ltr'><strong>resistentes</strong></span> <span class='ocrx_word' id='word_1_365' title='bbox 1132 4242 1249 4328; x_wconf 83' lang='lat' dir='ltr'><strong>patriae</strong></span> 
     </span>
    </p>
   </div>
   <div class='ocr_carea' id='block_1_12' title="bbox 0 0 1484 4850">
    <p class='ocr_par' dir='ltr' id='par_1_14' title="bbox 0 0 1484 4850">
     <span class='ocr_line' id='line_1_44' title="bbox 0 0 1484 4850; baseline 0 2"><span class='ocrx_word' id='word_1_366' title='bbox 0 0 1484 4850; x_wconf 95' lang='lat' dir='ltr'><strong> </strong></span> 
     </span>
    </p>
   </div>
  </div>
 </body>
</html>
