2959 4850
69 251 73 258 ¹
145 261 153 270 ⁶
230 297 307 374 510
570 305 607 375 c.
627 303 803 374 namn
822 303 978 373 Nom

228 475 329 528 tarent
342 475 516 548 ‹rr-gentum,
538 487 598 526 non
616 463 705 525 modo
723 461 761 524 iel
770 462 855 547 quoel
865 461 1003 524 incendio
1018 460 1259 546 deflagratio-at,
1280 485 1333 521 ve-

230 575 301 614 rum
313 555 407 612 etiam
424 551 593 633 quodquod
603 573 782 631 suspensum
800 561 866 610 erat
877 549 1053 630 aelfestum
1065 545 1333 608 cohonestandum.

231 640 282 702 Ita
299 639 418 719 aliquis
437 642 487 700 vir
507 637 696 718 spectabilis,
718 640 774 718 qui
795 638 911 696 militia
931 636 1058 695 leonesta
1079 637 1191 693 scrinii
1204 636 1333 710 Dacici,

231 722 316 806 quod
342 726 450 799 aiunt,
463 724 672 804 fungebatur,
694 723 752 780 sub
779 721 975 804 dispositione
1000 725 1140 781 virorum
1159 720 1331 778 illustrium

226 812 451 894 praefectorum
467 832 525 889 per
540 810 715 885 Illyricum,
737 828 840 867 secum
857 817 1017 887 reputans,
1039 805 1164 864 modurn
1183 826 1244 864 esse
1253 804 1330 862 nul-

231 898 313 972 lum,
336 916 395 977 quo
411 897 476 952 sine
492 896 631 953 molestia
643 893 821 974 indictaque
836 914 932 952 causa
946 914 981 950 ex
995 894 1120 950 ecclesia
1136 891 1216 971 pelli
1237 889 1330 947 ta'rba

225 991 349 1062 posset,
371 983 435 1038 nisi
455 983 525 1060 quis
546 981 683 1040 subitam
703 979 906 1039 barbarorum
920 980 1123 1037 incursionem
1134 985 1331 1056 praetexeret,

232 1077 376 1126 coronato
398 1068 511 1124 victore
536 1087 588 1125 cor
616 1069 681 1126 eius
711 1063 757 1124 ad
778 1063 815 1123 id
829 1075 1035 1144 permovente,
1055 1064 1190 1120 clamare
1214 1062 1330 1141 coepit:

231 1152 362 1230 „Civem
385 1151 511 1210 barbari
529 1149 575 1210 ad
592 1173 713 1211 murum
735 1161 945 1230 apparuerunt
965 1151 1141 1229 inopinato:
1164 1149 1242 1227 quin
1260 1167 1332 1204 curn

231 1240 330 1297 armis
349 1257 449 1295 omnes
463 1258 523 1317 pro
541 1241 652 1316 patria
667 1233 877 1318 procurrite.''
918 1237 1007 1294 Haec
1031 1236 1084 1292 ille
1107 1233 1276 1303 simulans,
1296 1241 1333 1290 ut

231 1323 348 1402 vulgus
360 1320 500 1381 videlicet
512 1325 605 1382 exciri
625 1345 659 1382 ex
678 1322 831 1399 ccclesia„
840 1321 1046 1400 vestibulaque
1058 1317 1181 1378 occludi
1187 1327 1314 1398 possent
1317 1337 1332 1391 ,·

225 1419 395 1490 posteaque
407 1406 510 1466 sedate
524 1411 707 1488 conquisitio
719 1410 840 1488 argenti
847 1407 1021 1486 fiesifieret.
1064 1403 1188 1463 Atenim
1208 1401 1245 1460 id
1256 1422 1333 1480 pro·

230 1492 370 1554 videntia
386 1491 500 1552 accidit
512 1495 732 1574 gloriosissimi
743 1495 900 1570 Martyris,
921 1513 960 1550 ne
974 1493 1135 1550 inscientia
1155 1499 1261 1547 nostra
1273 1507 1332 1546 no·

230 1589 283 1637 ctu
292 1579 518 1658 periclitaretur
539 1583 660 1640 ciritae.
694 1579 779 1638 Nam
789 1579 926 1657 populus
939 1579 1053 1652 omnis,
1076 1573 1190 1634 audita
1205 1573 1265 1631 illa
1277 1593 1332 1630 nec

140 1689 145 1694 ·
231 1665 361 1744 opinata
379 1685 460 1739 voce,
482 1666 514 1722 in
528 1663 650 1722 domum
662 1665 788 1743 quisque
797 1684 889 1721 suam
909 1665 1057 1736 cucurrit,
1077 1663 1233 1739 armisque
1246 1679 1334 1718 sum·

232 1752 274 1808 tis
291 1769 394 1806 muros
410 1747 588 1811 conscendit.
631 1745 708 1834 (Ill.)
732 1747 782 1808 Ibi
797 1750 988 1828 conspiciunt
1002 1750 1036 1806 in
1047 1767 1154 1825 campa
1164 1741 1333 1803 venerandi

231 1831 350 1892 delubri
363 1836 508 1912 martyris
526 1834 682 1894 Christum
693 1837 846 1914 gestantis
863 1835 1026 1893 Matronae
1040 1831 1163 1892 turbam
1177 1829 1333 1889 barbaro-

231 1939 320 1996 rum,
339 1921 460 1978 nonita
479 1911 600 2000 quidem
614 1939 760 2000 magnam
783 1917 846 1999 (ad
857 1921 987 2000 quinque
1001 1919 1102 1978 miliia
1120 1915 1331 1976 aestimaban-

231 2017 285 2064 tur
307 2025 329 2062 a
350 2003 471 2086 nobis),
500 2005 617 2064 uiribus
635 2015 738 2064 autem
754 2006 927 2084 plurimum
948 2005 1110 2080 calentem,
1141 1999 1227 2082 quod
1245 2000 1332 2058 electi

231 2101 327 2149 essent
348 2111 448 2148 omnes
468 2100 497 2147 et
520 2095 552 2148 in
582 2091 668 2149 bellis
688 2093 850 2153 exercitati.
892 2093 996 2170 Neque
1015 2101 1080 2148 tam
1100 2088 1201 2145 subito
1226 2083 1332 2144 adorti

231 2186 327 2234 essent
341 2185 463 2234 tantam
476 2176 594 2252 urbem,
617 2179 679 2234 nisi
690 2176 795 2234 robore
808 2187 837 2234 et
849 2178 953 2235 animo
969 2185 1118 2255 quotquot
1130 2187 1255 2231 suorum
1267 2192 1331 2229 un-

232 2281 330 2341 quam
341 2259 520 2340 praeliandi
541 2283 638 2320 cauea
660 2263 795 2320 exierant
807 2271 1008 2341 superassent.
1054 2259 1142 2319 Cives
1162 2269 1200 2317 ut
1215 2277 1330 2314 emuna

232 2347 612 2424 clamorem'suotulerant,
634 2344 821 2406 adversariis
830 2349 991 2427 perspicue
1004 2347 1079 2405 risu
1093 2342 1175 2424 (iam
1190 2343 1268 2401 enim
1283 2339 1330 2398 di.

232 2432 375 2491 luculum
392 2443 474 2515 erat,
497 2444 525 2491 et
542 2434 687 2513 surgebat
706 2432 807 2516 dies),
819 2434 959 2512 plerique
974 2429 1195 2505 descendentes,
1216 2450 1331 2487 resera·

231 2520 274 2575 tis
281 2520 393 2597 portis,
418 2518 539 2576 Cleristo
552 2530 580 2577 et
593 2528 736 2578 coronato
750 2521 860 2577 uiatore
874 2519 946 2577 illos
959 2518 1126 2593 roborante,
1138 2518 1226 2593 forie
1235 2535 1331 2592 prae-

232 2602 310 2661 lium
330 2624 401 2661 cum
415 2602 553 2661 hostibus
563 2606 722 2680 fecerunt,
745 2606 799 2683 qui
807 2606 920 2681 furore
930 2606 1076 2681 feritatis
1095 2624 1171 2659 suae
1186 2602 1252 2658 iam
1274 2618 1330 2656 us-

231 2710 291 2768 que
304 2687 349 2746 ad
362 2700 533 2768 augustum
538 2692 658 2766 funum
677 2692 771 2748 trium
783 2700 961 2748 sanctarum
975 2698 1162 2766 marterum,
1187 2683 1329 2760 Cbionae,

129 2838 132 2849 ,
231 2773 336 2835 Irenae
347 2786 376 2832 et
387 2772 519 2855 Agame,
530 2786 724 2854 proruerunt.
749 2772 795 2851 ld,
813 2787 848 2833 ut
859 2777 954 2849 scitis,
965 2776 1104 2854 proxime
1117 2772 1331 2831 abeetamuro

230 2859 328 2920 urbis.
371 2860 420 2919 Ita
435 2882 504 2918 cum
518 2858 564 2919 oet
577 2863 709 2920 multum
720 2859 799 2919 diem
814 2862 904 2921 alteri
917 2860 1023 2918 alteris
1038 2867 1258 2931 concurrerent,
1279 2858 1332 2913 in-

185 2958 188 2973 ·
228 2948 464 3026 sectationeeque
479 2966 518 3003 ao
530 2968 664 3005 recessus
680 2968 741 3005 non
758 2949 823 3005 sine
839 2945 1013 3004 discrimine
1016 2946 1160 3021 facerent
1173 2939 1332 3021 oppidani,

229 3027 297 3088 ideo
321 3028 403 3111 quod
415 3033 483 3111 flos
508 3053 542 3089 en
565 3036 647 3092 omni
668 3034 880 3093 Sciat-inorum
892 3042 980 3111 gente
997 3030 1165 3105 delibatus,
1186 3030 1265 3085 sicut
1279 3024 1332 3083 di-

231 3126 317 3173 ctum
339 3126 401 3191 est,
421 3118 454 3174 in
475 3114 605 3176 adversa
624 3121 690 3177 acie
711 3122 904 3178 constiterat:
926 3114 1069 3196 denique,
1093 3117 1158 3194 ipso
1182 3113 1332 3191 Martyris

231 3202 353 3259 numine
383 3222 413 3257 se
442 3198 635 3278 declarante,
666 3224 780 3261 manus
813 3202 949 3263 barbara
978 3224 1010 3259 eo
1040 3204 1106 3280 ipso
1134 3196 1184 3257 die
1208 3198 1332 3277 repulsa

232 3296 294 3361 est,
323 3287 487 3365 revertique
511 3286 590 3345 unde
610 3290 798 3364 intraverat,
828 3298 943 3347 coacta.
990 3288 1030 3345 Et
1049 3306 1128 3365 quae
1148 3294 1222 3341 tunc
1241 3282 1333 3341 obre-

232 3381 321 3429 nerat
346 3372 514 3452 improvisa
538 3382 631 3453 atque
662 3384 752 3431 atrox
777 3376 918 3450 invasio,
944 3375 979 3431 in
993 3371 1077 3430 bunc
1097 3360 1221 3429 modum
1232 3369 1332 3449 finem

227 3458 321 3537 cepit.

318 3542 360 3601 lle
375 3542 489 3602 ciborio
511 3540 574 3603 sive
586 3540 761 3603 umbraculo
776 3541 878 3603 altoris
892 3540 982 3601 altius
996 3540 1106 3601 educto
1120 3539 1332 3619 columnisque

231 3636 363 3709 quatuor
382 3628 487 3687 innixo
510 3628 625 3709 copiosi
647 3638 717 3688 sunt
734 3628 902 3709 Ducungius
918 3629 1051 3689 Glosser.
1074 3628 1096 3688 l.
1113 3628 1185 3693 653.
1205 3627 1237 3685 Ι).
1252 3625 1333 3685 Con·

120 3724 151 3779 Ρ.
167 3722 221 3782 253
235 3712 400 3794 stentinop.
418 3712 527 3774 christ.
547 3716 597 3780 60.
613 3713 649 3775 Δ.
665 3746 709 3760 ·-
725 3714 777 3781 55.
796 3714 832 3773 L
850 3713 996 3791 Descript.
1018 3714 1046 3775 S.
1062 3710 1191 3793 Sophiae
1205 3714 1276 3777 573.
1295 3712 1330 3771 Ι).

234 3808 265 3859 ot
276 3800 412 3859 Reiskiue
427 3800 590 3859 Commeat.
607 3800 645 3859 sd
661 3800 762 3860 Conet.
781 3799 929 3880 Porphyr.
943 3798 1109 3858 Gserimon.
1130 3798 1191 3857 sul.
1205 3798 1280 3875 Byz.
1296 3795 1332 3855 ll.

232 3882 284 3951 64.
305 3884 340 3943 Α.
363 3888 415 3949 78.
433 3886 467 3948 Β.
511 3887 552 3944 lle
565 3886 678 3965 templo
696 3884 884 3945 nobilissimo
900 3882 1156 3968 Thessalonicensi
1180 3884 1211 3942 s:
1230 3884 1332 3940 Dems-

232 3968 286 4029 trii
298 3968 420 4048 collegit
439 3970 506 4031 locs
525 3970 605 4029 idem
621 3971 789 4049 Ducsngius
815 3970 854 4029 sd
870 3970 946 4030 Anu.
970 3970 1074 4029 Coma.
1093 3968 1167 4035 252.
1189 3966 1224 4028 D.
1246 3967 1332 4027 Tom-

232 4074 292 4137 pus
312 4064 427 4133 sutem,
451 4076 510 4135 quo
532 4056 666 4115 Solovini
685 4055 928 4117 Thessalonicam
950 4054 995 4115 sic
1014 4058 1225 4128 tentaverunt,
1252 4051 1332 4112 inci-

234 4142 304 4201 dere
325 4140 447 4203 videtur
462 4140 495 4199 in
514 4162 540 4201 s.
562 4142 642 4207 5842
661 4141 733 4202 vide
754 4142 780 4205 J.
802 4141 873 4201 cto.
892 4161 956 4201 von
975 4140 1070 4218 Eogcl
1086 4136 1262 4199 Gescieielete
1280 4136 1334 4195 des

240 4225 427 4305 Ungriscbm
444 4225 557 4287 Reiobs
571 4225 638 4285 urul
654 4230 751 4286 seiner
764 4224 975 4287 Nebeuliinder
992 4224 1019 4286 Ι.
1034 4224 1107 4292 259.
1121 4224 1156 4283 B.
1171 4223 1333 4301 Peneiaque

233 4310 319 4369 sonis
330 4319 415 4391 post,
437 4319 472 4371 ut
491 4310 594 4393 prodit
614 4312 745 4395 scriptor
764 4313 846 4375 unde
865 4312 939 4373 baec
964 4310 1144 4388 delibemus,
1166 4309 1334 4371 mororum
