<?xml version="1.0" encoding="UTF-8"?>
<!DOCTYPE html PUBLIC "-//W3C//DTD XHTML 1.0 Transitional//EN"
    "http://www.w3.org/TR/xhtml1/DTD/xhtml1-transitional.dtd">
<html xmlns="http://www.w3.org/1999/xhtml" xml:lang="en" lang="en">
 <head>
  <title>
</title>
<meta http-equiv="Content-Type" content="text/html;charset=utf-8" />
  <meta name='ocr-system' content='tesseract 3.04.00' />
  <meta name='ocr-capabilities' content='ocr_page ocr_carea ocr_par ocr_line ocrx_word'/>
</head>
<body>
  <div class='ocr_page' id='page_1' title='image "./corpusscriptoru00theogoog/corpusscriptoru00theogoog_0476.png"; bbox 0 0 2959 4850; ppageno 0'>
   <div class='ocr_carea' id='block_1_1' title="bbox 277 274 1180 352">
    <p class='ocr_par' dir='ltr' id='par_1_1' title="bbox 277 274 1180 352">
     <span class='ocr_line' id='line_1_1' title="bbox 277 274 1180 352; baseline 0 -3"><span class='ocrx_word' id='word_1_1' title='bbox 277 274 355 349; x_wconf 77' lang='grc'><strong>880</strong></span> <span class='ocrx_word' id='word_1_2' title='bbox 477 278 710 352; x_wconf 81' lang='lat' dir='ltr'><strong>EXCERPTA</strong></span> <span class='ocrx_word' id='word_1_3' title='bbox 728 277 791 347; x_wconf 88' lang='lat' dir='ltr'><strong>EX</strong></span> <span class='ocrx_word' id='word_1_4' title='bbox 809 274 981 349; x_wconf 82' lang='lat' dir='ltr'>HISTOR.</span> <span class='ocrx_word' id='word_1_5' title='bbox 997 278 1180 349; x_wconf 79' lang='lat' dir='ltr'>ARABUM</span> 
     </span>
    </p>
   </div>
   <div class='ocr_carea' id='block_1_2' title="bbox 277 437 1378 932">
    <p class='ocr_par' dir='ltr' id='par_1_2' title="bbox 277 437 1378 932">
     <span class='ocr_line' id='line_1_2' title="bbox 279 437 1369 522; baseline -0.004 -17"><span class='ocrx_word' id='word_1_6' title='bbox 279 442 418 519; x_wconf 70' lang='lat' dir='ltr'><strong>Armeni,</strong></span> <span class='ocrx_word' id='word_1_7' title='bbox 448 440 482 501; x_wconf 86' lang='lat' dir='ltr'><strong>in</strong></span> <span class='ocrx_word' id='word_1_8' title='bbox 507 462 610 522; x_wconf 78' lang='lat' dir='ltr'><strong>agrum</strong></span> <span class='ocrx_word' id='word_1_9' title='bbox 630 439 813 503; x_wconf 80' lang='lat' dir='ltr'><strong>Edeeeenum</strong></span> <span class='ocrx_word' id='word_1_10' title='bbox 835 437 1053 521; x_wconf 74' lang='lat' dir='ltr'><strong>irrumpentes,</strong></span> <span class='ocrx_word' id='word_1_11' title='bbox 1083 442 1165 508; x_wconf 88' lang='grc'>1000</span> <span class='ocrx_word' id='word_1_12' title='bbox 1188 458 1278 516; x_wconf 74' lang='lat' dir='ltr'><strong>ovet,</strong></span> <span class='ocrx_word' id='word_1_13' title='bbox 1305 438 1369 509; x_wconf 76' lang='lat'><strong>600</strong></span> 
     </span>
     <span class='ocr_line' id='line_1_3' title="bbox 279 540 1369 625; baseline -0.002 -20"><span class='ocrx_word' id='word_1_14' title='bbox 279 554 383 605; x_wconf 85' lang='lat' dir='ltr'><strong>taurea</strong></span> <span class='ocrx_word' id='word_1_15' title='bbox 399 554 428 605; x_wconf 89' lang='lat' dir='ltr'><strong>et</strong></span> <span class='ocrx_word' id='word_1_16' title='bbox 446 549 487 610; x_wconf 87' lang='lat'><strong>10</strong></span> <span class='ocrx_word' id='word_1_17' title='bbox 506 544 590 607; x_wconf 76' lang='lat' dir='ltr'><strong>viror</strong></span> <span class='ocrx_word' id='word_1_18' title='bbox 606 542 718 605; x_wconf 68' lang='lat' dir='ltr'><strong>Araba</strong></span> <span class='ocrx_word' id='word_1_19' title='bbox 734 542 932 604; x_wconf 80' lang='lat' dir='ltr'><strong>abduxerunt.</strong></span> <span class='ocrx_word' id='word_1_20' title='bbox 971 540 1061 601; x_wconf 82' lang='lat' dir='ltr'><strong>Hieoe</strong></span> <span class='ocrx_word' id='word_1_21' title='bbox 1075 541 1259 625; x_wconf 68' lang='lat' dir='ltr'><strong>tenporibus</strong></span> <span class='ocrx_word' id='word_1_22' title='bbox 1278 562 1369 622; x_wconf 84' lang='lat' dir='ltr'><strong>quum</strong></span> 
     </span>
     <span class='ocr_line' id='line_1_4' title="bbox 279 643 1370 738; baseline -0.005 -29"><span class='ocrx_word' id='word_1_23' title='bbox 279 647 405 709; x_wconf 78' lang='lat' dir='ltr'><strong>Romani</strong></span> <span class='ocrx_word' id='word_1_24' title='bbox 420 646 565 738; x_wconf 73' lang='lat' dir='ltr'><strong>Arabibue</strong></span> <span class='ocrx_word' id='word_1_25' title='bbox 583 646 789 729; x_wconf 73' lang='lat' dir='ltr'><strong>praevalerent</strong></span> <span class='ocrx_word' id='word_1_26' title='bbox 801 653 832 725; x_wconf 83' lang='lat' dir='ltr'><strong>et</strong></span> <span class='ocrx_word' id='word_1_27' title='bbox 843 643 1012 725; x_wconf 87' lang='lat' dir='ltr'><strong>diripiendo</strong></span> <span class='ocrx_word' id='word_1_28' title='bbox 1031 643 1130 703; x_wconf 86' lang='lat' dir='ltr'><strong>omnia</strong></span> <span class='ocrx_word' id='word_1_29' title='bbox 1144 664 1241 725; x_wconf 71' lang='lat' dir='ltr'><strong>unque</strong></span> <span class='ocrx_word' id='word_1_30' title='bbox 1257 644 1298 703; x_wconf 90' lang='lat' dir='ltr'><strong>ad</strong></span> <span class='ocrx_word' id='word_1_31' title='bbox 1308 643 1370 704; x_wconf 81' lang='lat' dir='ltr'><strong>Ar-</strong></span> 
     </span>
     <span class='ocr_line' id='line_1_5' title="bbox 277 744 1378 830; baseline -0.005 -20"><span class='ocrx_word' id='word_1_32' title='bbox 277 749 406 811; x_wconf 87' lang='lat' dir='ltr'><strong>meniam</strong></span> <span class='ocrx_word' id='word_1_33' title='bbox 427 750 569 810; x_wconf 85' lang='lat' dir='ltr'><strong>maiorem</strong></span> <span class='ocrx_word' id='word_1_34' title='bbox 589 748 808 830; x_wconf 85' lang='lat' dir='ltr'><strong>pervenieaent,</strong></span> <span class='ocrx_word' id='word_1_35' title='bbox 829 746 1029 807; x_wconf 70' lang='lat' dir='ltr'><strong>memorum</strong></span> <span class='ocrx_word' id='word_1_36' title='bbox 1047 746 1110 824; x_wconf 89' lang='lat' dir='ltr'><strong>illi,</strong></span> <span class='ocrx_word' id='word_1_37' title='bbox 1132 744 1188 826; x_wconf 82' lang='lat' dir='ltr'><strong>qui</strong></span> <span class='ocrx_word' id='word_1_38' title='bbox 1204 754 1306 822; x_wconf 86' lang='lat' dir='ltr'><strong>metu,</strong></span> <span class='ocrx_word' id='word_1_39' title='bbox 1329 762 1378 811; x_wconf 60' lang='lat' dir='ltr'><strong>ne,</strong></span> 
     </span>
     <span class='ocr_line' id='line_1_6' title="bbox 277 848 1370 932; baseline -0.006 -18"><span class='ocrx_word' id='word_1_40' title='bbox 277 852 316 915; x_wconf 83' lang='lat' dir='ltr'><strong>ab</strong></span> <span class='ocrx_word' id='word_1_41' title='bbox 330 852 491 930; x_wconf 70' lang='lat' dir='ltr'><strong>tntum,</strong></span> <span class='ocrx_word' id='word_1_42' title='bbox 512 860 670 932; x_wconf 85' lang='lat' dir='ltr'><strong>propterea</strong></span> <span class='ocrx_word' id='word_1_43' title='bbox 683 850 767 932; x_wconf 90' lang='lat' dir='ltr'><strong>quod</strong></span> <span class='ocrx_word' id='word_1_44' title='bbox 782 848 944 910; x_wconf 70' lang='lat' dir='ltr'><strong>Christiani</strong></span> <span class='ocrx_word' id='word_1_45' title='bbox 957 858 1069 926; x_wconf 77' lang='lat' dir='ltr'><strong>meent,</strong></span> <span class='ocrx_word' id='word_1_46' title='bbox 1090 856 1289 925; x_wconf 73' lang='lat' dir='ltr'><strong>vexarentur,</strong></span> <span class='ocrx_word' id='word_1_47' title='bbox 1310 865 1370 907; x_wconf 89' lang='lat' dir='ltr'><strong>au-</strong></span> 
     </span>
    </p>
   </div>
   <div class='ocr_carea' id='block_1_3' title="bbox 164 948 1370 1034">
    <p class='ocr_par' dir='ltr' id='par_1_3' title="bbox 164 948 1370 1034">
     <span class='ocr_line' id='line_1_7' title="bbox 164 948 1370 1034; baseline -0.008 -16"><span class='ocrx_word' id='word_1_48' title='bbox 164 1012 166 1018; x_wconf 91' lang='lat'>.</span> <span class='ocrx_word' id='word_1_49' title='bbox 276 954 429 1034; x_wconf 79' lang='lat' dir='ltr'><strong>ingerunt,</strong></span> <span class='ocrx_word' id='word_1_50' title='bbox 450 952 483 1015; x_wconf 86' lang='lat' dir='ltr'><strong>in</strong></span> <span class='ocrx_word' id='word_1_51' title='bbox 497 953 570 1015; x_wconf 85' lang='lat' dir='ltr'><strong>linea</strong></span> <span class='ocrx_word' id='word_1_52' title='bbox 582 956 786 1017; x_wconf 82' lang='lat' dir='ltr'><strong>Romanorum</strong></span> <span class='ocrx_word' id='word_1_53' title='bbox 799 952 1043 1014; x_wconf 64' lang='lat' dir='ltr'><strong>„contulerant</strong></span> <span class='ocrx_word' id='word_1_54' title='bbox 1084 950 1210 1010; x_wconf 85' lang='lat' dir='ltr'><strong>llomeni</strong></span> <span class='ocrx_word' id='word_1_55' title='bbox 1221 948 1370 1009; x_wconf 88' lang='lat' dir='ltr'><strong>dederunt</strong></span> 
     </span>
    </p>
   </div>
   <div class='ocr_carea' id='block_1_4' title="bbox 274 1050 1369 1241">
    <p class='ocr_par' dir='ltr' id='par_1_4' title="bbox 274 1050 1369 1241">
     <span class='ocr_line' id='line_1_8' title="bbox 274 1050 1369 1139; baseline -0.004 -24"><span class='ocrx_word' id='word_1_56' title='bbox 274 1055 337 1115; x_wconf 82' lang='lat' dir='ltr'><strong>illie</strong></span> <span class='ocrx_word' id='word_1_57' title='bbox 352 1055 513 1116; x_wconf 76' lang='lat' dir='ltr'><strong>Sebastiam</strong></span> <span class='ocrx_word' id='word_1_58' title='bbox 528 1057 561 1117; x_wconf 89' lang='lat' dir='ltr'><strong>in</strong></span> <span class='ocrx_word' id='word_1_59' title='bbox 571 1056 767 1139; x_wconf 81' lang='lat' dir='ltr'><strong>Cappadocia,</strong></span> <span class='ocrx_word' id='word_1_60' title='bbox 788 1055 878 1133; x_wconf 87' lang='lat' dir='ltr'><strong>unde,</strong></span> <span class='ocrx_word' id='word_1_61' title='bbox 899 1074 993 1136; x_wconf 85' lang='lat' dir='ltr'><strong>quum</strong></span> <span class='ocrx_word' id='word_1_62' title='bbox 1006 1072 1147 1113; x_wconf 84' lang='lat' dir='ltr'><strong>nurnerua</strong></span> <span class='ocrx_word' id='word_1_63' title='bbox 1164 1072 1267 1113; x_wconf 87' lang='lat' dir='ltr'><strong>eorum</strong></span> <span class='ocrx_word' id='word_1_64' title='bbox 1278 1050 1369 1112; x_wconf 88' lang='lat' dir='ltr'><strong>valde</strong></span> 
     </span>
     <span class='ocr_line' id='line_1_9' title="bbox 276 1153 1367 1241; baseline -0.005 -22"><span class='ocrx_word' id='word_1_65' title='bbox 276 1168 383 1219; x_wconf 79' lang='lat' dir='ltr'><strong>auctae</strong></span> <span class='ocrx_word' id='word_1_66' title='bbox 398 1168 490 1235; x_wconf 79' lang='lat' dir='ltr'><strong>earet,</strong></span> <span class='ocrx_word' id='word_1_67' title='bbox 510 1158 671 1237; x_wconf 77' lang='lat' dir='ltr'><strong>miserunt,</strong></span> <span class='ocrx_word' id='word_1_68' title='bbox 694 1160 747 1241; x_wconf 87' lang='lat' dir='ltr'><strong>qui</strong></span> <span class='ocrx_word' id='word_1_69' title='bbox 758 1158 875 1229; x_wconf 69' lang='lat' dir='ltr'><strong>arcibus</strong></span> <span class='ocrx_word' id='word_1_70' title='bbox 888 1158 926 1217; x_wconf 84' lang='lat' dir='ltr'><strong>ab</strong></span> <span class='ocrx_word' id='word_1_71' title='bbox 940 1155 1086 1218; x_wconf 76' lang='lat' dir='ltr'><strong>Aralibua</strong></span> <span class='ocrx_word' id='word_1_72' title='bbox 1107 1155 1203 1237; x_wconf 85' lang='lat' dir='ltr'><strong>captia</strong></span> <span class='ocrx_word' id='word_1_73' title='bbox 1218 1153 1367 1236; x_wconf 72' lang='lat' dir='ltr'><strong>praesidio</strong></span> 
     </span>
    </p>
   </div>
   <div class='ocr_carea' id='block_1_5' title="bbox 136 1255 1366 1343">
    <p class='ocr_par' dir='ltr' id='par_1_5' title="bbox 136 1255 1366 1343">
     <span class='ocr_line' id='line_1_10' title="bbox 136 1255 1366 1343; baseline -0.005 -22"><span class='ocrx_word' id='word_1_74' title='bbox 136 1306 138 1315; x_wconf 26' lang='lat' dir='ltr'><strong>r</strong></span> <span class='ocrx_word' id='word_1_75' title='bbox 273 1269 381 1321; x_wconf 75' lang='lat' dir='ltr'><strong>urent·</strong></span> <span class='ocrx_word' id='word_1_76' title='bbox 430 1260 466 1320; x_wconf 92' lang='lat' dir='ltr'><strong>ln</strong></span> <span class='ocrx_word' id='word_1_77' title='bbox 484 1262 622 1323; x_wconf 75' lang='lat' dir='ltr'><strong>omnibus</strong></span> <span class='ocrx_word' id='word_1_78' title='bbox 647 1259 886 1343; x_wconf 67' lang='lat' dir='ltr'><strong>expeditionibus</strong></span> <span class='ocrx_word' id='word_1_79' title='bbox 909 1258 944 1320; x_wconf 86' lang='lat' dir='ltr'><strong>lai</strong></span> <span class='ocrx_word' id='word_1_80' title='bbox 965 1279 1083 1342; x_wconf 82' lang='lat' dir='ltr'><strong>quoque</strong></span> <span class='ocrx_word' id='word_1_81' title='bbox 1106 1257 1228 1318; x_wconf 77' lang='lat' dir='ltr'><strong>Arnaeui</strong></span> <span class='ocrx_word' id='word_1_82' title='bbox 1251 1255 1366 1338; x_wconf 72' lang='lat' dir='ltr'><strong>pedite·</strong></span> 
     </span>
    </p>
   </div>
   <div class='ocr_carea' id='block_1_6' title="bbox 256 1357 1367 4324">
    <p class='ocr_par' dir='ltr' id='par_1_6' title="bbox 265 1357 1367 3188">
     <span class='ocr_line' id='line_1_11' title="bbox 273 1357 1367 1445; baseline -0.005 -22"><span class='ocrx_word' id='word_1_83' title='bbox 273 1382 344 1423; x_wconf 90' lang='lat' dir='ltr'><strong>eum</strong></span> <span class='ocrx_word' id='word_1_84' title='bbox 364 1363 505 1423; x_wconf 80' lang='lat' dir='ltr'><strong>Romania</strong></span> <span class='ocrx_word' id='word_1_85' title='bbox 523 1364 679 1441; x_wconf 82' lang='lat' dir='ltr'><strong>axianant,</strong></span> <span class='ocrx_word' id='word_1_86' title='bbox 703 1384 846 1445; x_wconf 71' lang='lat' dir='ltr'><strong>prospere</strong></span> <span class='ocrx_word' id='word_1_87' title='bbox 861 1363 1037 1443; x_wconf 82' lang='lat' dir='ltr'><strong>plerumque</strong></span> <span class='ocrx_word' id='word_1_88' title='bbox 1047 1361 1235 1443; x_wconf 69' lang='lat' dir='ltr'><strong>praeli-ntae</strong></span> <span class='ocrx_word' id='word_1_89' title='bbox 1276 1357 1367 1419; x_wconf 82' lang='lat' dir='ltr'><strong>Nice-</strong></span> 
     </span>
     <span class='ocr_line' id='line_1_12' title="bbox 271 1463 1364 1549; baseline -0.005 -23"><span class='ocrx_word' id='word_1_90' title='bbox 271 1465 405 1549; x_wconf 84' lang='lat' dir='ltr'><strong>phorum</strong></span> <span class='ocrx_word' id='word_1_91' title='bbox 425 1466 620 1528; x_wconf 86' lang='lat' dir='ltr'><strong>domeetioum</strong></span> <span class='ocrx_word' id='word_1_92' title='bbox 638 1487 708 1527; x_wconf 88' lang='lat' dir='ltr'><strong>eum</strong></span> <span class='ocrx_word' id='word_1_93' title='bbox 721 1468 924 1527; x_wconf 74' lang='lat' dir='ltr'><strong>Romanorum</strong></span> <span class='ocrx_word' id='word_1_94' title='bbox 937 1464 1033 1545; x_wconf 75' lang='lat' dir='ltr'><strong>oopiie</strong></span> <span class='ocrx_word' id='word_1_95' title='bbox 1045 1484 1063 1522; x_wconf 88' lang='lat' dir='ltr'><strong>a</strong></span> <span class='ocrx_word' id='word_1_96' title='bbox 1077 1463 1191 1524; x_wconf 83' lang='lat' dir='ltr'><strong>Helebo</strong></span> <span class='ocrx_word' id='word_1_97' title='bbox 1202 1478 1364 1537; x_wconf 77' lang='lat' dir='ltr'><strong>reversum,</strong></span> 
     </span>
     <span class='ocr_line' id='line_1_13' title="bbox 271 1562 1364 1649; baseline -0.006 -22"><span class='ocrx_word' id='word_1_98' title='bbox 271 1588 366 1649; x_wconf 83' lang='lat' dir='ltr'><strong>quum</strong></span> <span class='ocrx_word' id='word_1_99' title='bbox 392 1568 582 1629; x_wconf 84' lang='lat' dir='ltr'><strong>Simauduam</strong></span> <span class='ocrx_word' id='word_1_100' title='bbox 608 1568 812 1649; x_wconf 83' lang='lat' dir='ltr'><strong>pervenieeet,</strong></span> <span class='ocrx_word' id='word_1_101' title='bbox 839 1567 953 1629; x_wconf 84' lang='lat' dir='ltr'><strong>nuncio</strong></span> <span class='ocrx_word' id='word_1_102' title='bbox 978 1567 1016 1627; x_wconf 90' lang='lat' dir='ltr'><strong>de</strong></span> <span class='ocrx_word' id='word_1_103' title='bbox 1040 1575 1138 1627; x_wconf 83' lang='lat' dir='ltr'><strong>morte</strong></span> <span class='ocrx_word' id='word_1_104' title='bbox 1161 1563 1240 1644; x_wconf 79' lang='lat' dir='ltr'><strong>regia</strong></span> <span class='ocrx_word' id='word_1_105' title='bbox 1263 1562 1364 1638; x_wconf 80' lang='lat' dir='ltr'><strong>allato,</strong></span> 
     </span>
     <span class='ocr_line' id='line_1_14' title="bbox 271 1668 1365 1753; baseline -0.005 -24"><span class='ocrx_word' id='word_1_106' title='bbox 271 1688 376 1730; x_wconf 70' lang='lat' dir='ltr'><strong>omnen</strong></span> <span class='ocrx_word' id='word_1_107' title='bbox 389 1669 449 1733; x_wconf 89' lang='lat' dir='ltr'><strong>viri</strong></span> <span class='ocrx_word' id='word_1_108' title='bbox 460 1670 611 1753; x_wconf 77' lang='lat' dir='ltr'><strong>principer</strong></span> <span class='ocrx_word' id='word_1_109' title='bbox 620 1690 688 1731; x_wconf 89' lang='lat' dir='ltr'><strong>eum</strong></span> <span class='ocrx_word' id='word_1_110' title='bbox 696 1668 1115 1749; x_wconf 82' lang='lat' dir='ltr'><strong>Sahumuaalrelaigounanimi</strong></span> <span class='ocrx_word' id='word_1_111' title='bbox 1127 1685 1274 1729; x_wconf 74' lang='lat' dir='ltr'><strong>conuentu</strong></span> <span class='ocrx_word' id='word_1_112' title='bbox 1285 1683 1365 1725; x_wconf 85' lang='lat' dir='ltr'><strong>anno</strong></span> 
     </span>
     <span class='ocr_line' id='line_1_15' title="bbox 272 1766 1365 1853; baseline -0.003 -24"><span class='ocrx_word' id='word_1_113' title='bbox 272 1769 457 1831; x_wconf 86' lang='lat' dir='ltr'><strong>Graecorum</strong></span> <span class='ocrx_word' id='word_1_114' title='bbox 479 1776 561 1841; x_wconf 75' lang='lat'><strong>1276</strong></span> <span class='ocrx_word' id='word_1_115' title='bbox 582 1772 861 1853; x_wconf 78' lang='lat' dir='ltr'><strong>pronunciaverunt</strong></span> <span class='ocrx_word' id='word_1_116' title='bbox 879 1790 979 1850; x_wconf 77' lang='lat' dir='ltr'><strong>regem</strong></span> <span class='ocrx_word' id='word_1_117' title='bbox 999 1779 1160 1833; x_wconf 83' lang='lat' dir='ltr'><strong>eteervum</strong></span> <span class='ocrx_word' id='word_1_118' title='bbox 1178 1769 1242 1829; x_wconf 82' lang='lat' dir='ltr'><strong>eiua</strong></span> <span class='ocrx_word' id='word_1_119' title='bbox 1264 1766 1365 1827; x_wconf 82' lang='lat' dir='ltr'><strong>Schu-</strong></span> 
     </span>
     <span class='ocr_line' id='line_1_16' title="bbox 271 1870 1365 1953; baseline -0.004 -19"><span class='ocrx_word' id='word_1_120' title='bbox 271 1872 499 1953; x_wconf 77' lang='lat' dir='ltr'><strong>murcholrignm</strong></span> <span class='ocrx_word' id='word_1_121' title='bbox 514 1873 719 1935; x_wconf 75' lang='lat' dir='ltr'><strong>domesticum.</strong></span> <span class='ocrx_word' id='word_1_122' title='bbox 751 1874 818 1934; x_wconf 78' lang='lat'><strong>1100</strong></span> <span class='ocrx_word' id='word_1_123' title='bbox 831 1871 995 1934; x_wconf 80' lang='lat' dir='ltr'><strong>adbellum</strong></span> <span class='ocrx_word' id='word_1_124' title='bbox 1008 1893 1077 1933; x_wconf 91' lang='lat' dir='ltr'><strong>oum</strong></span> <span class='ocrx_word' id='word_1_125' title='bbox 1092 1870 1240 1935; x_wconf 83' lang='lat' dir='ltr'><strong>Arabibua</strong></span> <span class='ocrx_word' id='word_1_126' title='bbox 1258 1889 1365 1949; x_wconf 76' lang='lat' dir='ltr'><strong>geren·</strong></span> 
     </span>
     <span class='ocr_line' id='line_1_17' title="bbox 271 1972 1367 2057; baseline -0.003 -20"><span class='ocrx_word' id='word_1_127' title='bbox 271 1976 345 2037; x_wconf 89' lang='lat' dir='ltr'><strong>dum</strong></span> <span class='ocrx_word' id='word_1_128' title='bbox 360 1976 497 2051; x_wconf 82' lang='lat' dir='ltr'><strong>dimieeo,</strong></span> <span class='ocrx_word' id='word_1_129' title='bbox 517 1974 582 2056; x_wconf 75' lang='lat' dir='ltr'><strong>ipre</strong></span> <span class='ocrx_word' id='word_1_130' title='bbox 596 1975 876 2057; x_wconf 67' lang='lat' dir='ltr'><strong>Constantinopolin</strong></span> <span class='ocrx_word' id='word_1_131' title='bbox 887 1976 1036 2054; x_wconf 81' lang='lat' dir='ltr'><strong>ingreeeua</strong></span> <span class='ocrx_word' id='word_1_132' title='bbox 1050 1974 1084 2034; x_wconf 90' lang='lat' dir='ltr'><strong>iu</strong></span> <span class='ocrx_word' id='word_1_133' title='bbox 1099 1995 1191 2055; x_wconf 78' lang='lat' dir='ltr'><strong>regno</strong></span> <span class='ocrx_word' id='word_1_134' title='bbox 1208 1972 1367 2035; x_wconf 81' lang='lat' dir='ltr'><strong>confirma·</strong></span> 
     </span>
     <span class='ocr_line' id='line_1_18' title="bbox 272 2076 1365 2159; baseline -0.001 -23"><span class='ocrx_word' id='word_1_135' title='bbox 272 2084 323 2137; x_wconf 79' lang='lat' dir='ltr'><strong>tux</strong></span> <span class='ocrx_word' id='word_1_136' title='bbox 334 2086 387 2137; x_wconf 75' lang='lat' dir='ltr'><strong>eet.</strong></span> <span class='ocrx_word' id='word_1_137' title='bbox 408 2076 666 2158; x_wconf 86' lang='lat' dir='ltr'><strong>Sehumuaehchig</strong></span> <span class='ocrx_word' id='word_1_138' title='bbox 676 2077 888 2159; x_wconf 78' lang='lat' dir='ltr'><strong>Mopevaetiam</strong></span> <span class='ocrx_word' id='word_1_139' title='bbox 900 2097 957 2159; x_wconf 86' lang='lat' dir='ltr'><strong>par</strong></span> <span class='ocrx_word' id='word_1_140' title='bbox 970 2083 992 2144; x_wconf 83' lang='grc'><strong>7</strong></span> <span class='ocrx_word' id='word_1_141' title='bbox 1005 2077 1069 2138; x_wconf 86' lang='lat' dir='ltr'><strong>diae</strong></span> <span class='ocrx_word' id='word_1_142' title='bbox 1082 2077 1199 2139; x_wconf 83' lang='lat' dir='ltr'><strong>oboedit</strong></span> <span class='ocrx_word' id='word_1_143' title='bbox 1210 2086 1241 2137; x_wconf 87' lang='lat' dir='ltr'><strong>et</strong></span> <span class='ocrx_word' id='word_1_144' title='bbox 1258 2094 1365 2156; x_wconf 83' lang='lat' dir='ltr'><strong>quam·</strong></span> 
     </span>
     <span class='ocr_line' id='line_1_19' title="bbox 272 2165 1365 2266; baseline -0.005 -22"><span class='ocrx_word' id='word_1_145' title='bbox 272 2183 322 2244; x_wconf 77' lang='lat' dir='ltr'><strong>vie</strong></span> <span class='ocrx_word' id='word_1_146' title='bbox 338 2182 407 2265; x_wconf 82' lang='lat' dir='ltr'><strong>plue</strong></span> <span class='ocrx_word' id='word_1_147' title='bbox 423 2204 512 2266; x_wconf 86' lang='lat' dir='ltr'><strong>quam</strong></span> <span class='ocrx_word' id='word_1_148' title='bbox 528 2183 680 2263; x_wconf 78' lang='lat' dir='ltr'><strong>aexagiuta</strong></span> <span class='ocrx_word' id='word_1_149' title='bbox 693 2180 769 2242; x_wconf 84' lang='lat' dir='ltr'><strong>loeie</strong></span> <span class='ocrx_word' id='word_1_150' title='bbox 785 2202 904 2243; x_wconf 82' lang='lat' dir='ltr'><strong>murum</strong></span> <span class='ocrx_word' id='word_1_151' title='bbox 920 2180 1116 2261; x_wconf 70' lang='lat' dir='ltr'><strong>perfodisset,</strong></span> <span class='ocrx_word' id='word_1_152' title='bbox 1137 2178 1254 2259; x_wconf 79' lang='lat' dir='ltr'><strong>ingredi</strong></span> <span class='ocrx_word' id='word_1_153' title='bbox 1265 2165 1365 2239; x_wconf 83' lang='lat' dir='ltr'><strong>tamen</strong></span> 
     </span>
     <span class='ocr_line' id='line_1_20' title="bbox 270 2280 1364 2368; baseline -0.005 -23"><span class='ocrx_word' id='word_1_154' title='bbox 270 2304 335 2347; x_wconf 87' lang='lat' dir='ltr'><strong>non</strong></span> <span class='ocrx_word' id='word_1_155' title='bbox 347 2286 457 2368; x_wconf 87' lang='lat' dir='ltr'><strong>potuit.</strong></span> <span class='ocrx_word' id='word_1_156' title='bbox 498 2286 603 2366; x_wconf 89' lang='lat' dir='ltr'><strong>ltaque</strong></span> <span class='ocrx_word' id='word_1_157' title='bbox 623 2304 728 2364; x_wconf 82' lang='lat' dir='ltr'><strong>agrum</strong></span> <span class='ocrx_word' id='word_1_158' title='bbox 747 2283 812 2344; x_wconf 86' lang='lat' dir='ltr'><strong>eiua</strong></span> <span class='ocrx_word' id='word_1_159' title='bbox 830 2292 862 2345; x_wconf 85' lang='lat' dir='ltr'><strong>at</strong></span> <span class='ocrx_word' id='word_1_160' title='bbox 876 2304 962 2365; x_wconf 68' lang='lat' dir='ltr'><strong>agree</strong></span> <span class='ocrx_word' id='word_1_161' title='bbox 977 2285 1099 2347; x_wconf 77' lang='lat' dir='ltr'><strong>Adanae</strong></span> <span class='ocrx_word' id='word_1_162' title='bbox 1111 2294 1142 2345; x_wconf 86' lang='lat' dir='ltr'><strong>et</strong></span> <span class='ocrx_word' id='word_1_163' title='bbox 1155 2282 1240 2343; x_wconf 76' lang='lat' dir='ltr'><strong>Terei</strong></span> <span class='ocrx_word' id='word_1_164' title='bbox 1256 2280 1364 2340; x_wconf 69' lang='lat' dir='ltr'><strong>inuan-</strong></span> 
     </span>
     <span class='ocr_line' id='line_1_21' title="bbox 269 2379 1362 2469; baseline -0.007 -21"><span class='ocrx_word' id='word_1_165' title='bbox 269 2386 326 2448; x_wconf 75' lang='lat' dir='ltr'><strong>die</strong></span> <span class='ocrx_word' id='word_1_166' title='bbox 374 2387 588 2469; x_wconf 79' lang='lat' dir='ltr'><strong>liopeveetenie</strong></span> <span class='ocrx_word' id='word_1_167' title='bbox 610 2388 695 2456; x_wconf 86' lang='lat'><strong>6000</strong></span> <span class='ocrx_word' id='word_1_168' title='bbox 714 2385 850 2448; x_wconf 86' lang='lat' dir='ltr'><strong>virorum</strong></span> <span class='ocrx_word' id='word_1_169' title='bbox 870 2388 963 2450; x_wconf 79' lang='lat' dir='ltr'><strong>Tereo</strong></span> <span class='ocrx_word' id='word_1_170' title='bbox 986 2386 1099 2451; x_wconf 86' lang='lat' dir='ltr'><strong>auxilio</strong></span> <span class='ocrx_word' id='word_1_171' title='bbox 1117 2390 1280 2459; x_wconf 86' lang='lat' dir='ltr'><strong>venerunt,</strong></span> <span class='ocrx_word' id='word_1_172' title='bbox 1308 2379 1362 2441; x_wconf 85' lang='lat' dir='ltr'><strong>aed</strong></span> 
     </span>
     <span class='ocr_line' id='line_1_22' title="bbox 268 2475 1362 2571; baseline -0.006 -21"><span class='ocrx_word' id='word_1_173' title='bbox 268 2488 396 2551; x_wconf 81' lang='lat' dir='ltr'><strong>Romani</strong></span> <span class='ocrx_word' id='word_1_174' title='bbox 416 2491 534 2552; x_wconf 89' lang='lat' dir='ltr'><strong>obviam</strong></span> <span class='ocrx_word' id='word_1_175' title='bbox 551 2490 624 2552; x_wconf 85' lang='lat' dir='ltr'><strong>faeti</strong></span> <span class='ocrx_word' id='word_1_176' title='bbox 646 2511 697 2552; x_wconf 64' lang='grc' dir='ltr'><strong>σοι</strong></span> <span class='ocrx_word' id='word_1_177' title='bbox 718 2508 820 2549; x_wconf 85' lang='lat' dir='ltr'><strong>omnee</strong></span> <span class='ocrx_word' id='word_1_178' title='bbox 841 2475 1033 2569; x_wconf 80' lang='lat' dir='ltr'><strong>oeeiderunt5</strong></span> <span class='ocrx_word' id='word_1_179' title='bbox 1061 2509 1121 2571; x_wconf 84' lang='lat' dir='ltr'><strong>quo</strong></span> <span class='ocrx_word' id='word_1_180' title='bbox 1139 2490 1236 2564; x_wconf 79' lang='lat' dir='ltr'><strong>facto,</strong></span> <span class='ocrx_word' id='word_1_181' title='bbox 1255 2481 1362 2544; x_wconf 82' lang='lat' dir='ltr'><strong>relicta</strong></span> 
     </span>
     <span class='ocr_line' id='line_1_23' title="bbox 267 2583 1361 2671; baseline -0.007 -19"><span class='ocrx_word' id='word_1_182' title='bbox 267 2589 359 2669; x_wconf 71' lang='lat' dir='ltr'><strong>moa,</strong></span> <span class='ocrx_word' id='word_1_183' title='bbox 381 2589 591 2654; x_wconf 79' lang='lat' dir='ltr'><strong>dieoeueerunt.</strong></span> <span class='ocrx_word' id='word_1_184' title='bbox 631 2592 667 2653; x_wconf 90' lang='lat' dir='ltr'><strong>In</strong></span> <span class='ocrx_word' id='word_1_185' title='bbox 690 2591 792 2652; x_wconf 81' lang='lat' dir='ltr'><strong>Cilicia</strong></span> <span class='ocrx_word' id='word_1_186' title='bbox 809 2611 916 2671; x_wconf 77' lang='lat' dir='ltr'><strong>magna</strong></span> <span class='ocrx_word' id='word_1_187' title='bbox 931 2594 1025 2653; x_wconf 81' lang='lat' dir='ltr'><strong>famae</strong></span> <span class='ocrx_word' id='word_1_188' title='bbox 1046 2601 1112 2654; x_wconf 85' lang='lat' dir='ltr'><strong>orta</strong></span> <span class='ocrx_word' id='word_1_189' title='bbox 1127 2600 1191 2670; x_wconf 79' lang='lat' dir='ltr'><strong>eet,</strong></span> <span class='ocrx_word' id='word_1_190' title='bbox 1211 2607 1301 2670; x_wconf 81' lang='lat' dir='ltr'><strong>quam</strong></span> <span class='ocrx_word' id='word_1_191' title='bbox 1321 2583 1361 2645; x_wconf 87' lang='lat' dir='ltr'><strong>ub</strong></span> 
     </span>
     <span class='ocr_line' id='line_1_24' title="bbox 267 2686 1359 2776; baseline -0.005 -22"><span class='ocrx_word' id='word_1_192' title='bbox 267 2712 332 2754; x_wconf 84' lang='lat' dir='ltr'><strong>rem</strong></span> <span class='ocrx_word' id='word_1_193' title='bbox 354 2695 496 2775; x_wconf 81' lang='lat' dir='ltr'><strong>permulti</strong></span> <span class='ocrx_word' id='word_1_194' title='bbox 524 2694 637 2757; x_wconf 73' lang='lat' dir='ltr'><strong>Arabe·</strong></span> <span class='ocrx_word' id='word_1_195' title='bbox 657 2695 835 2756; x_wconf 85' lang='lat' dir='ltr'><strong>Damaeeum</strong></span> <span class='ocrx_word' id='word_1_196' title='bbox 861 2695 1068 2776; x_wconf 74' lang='lat' dir='ltr'><strong>confugerunt.</strong></span> <span class='ocrx_word' id='word_1_197' title='bbox 1119 2686 1359 2766; x_wconf 71' lang='lat' dir='ltr'><strong>Etiam-Haloti,</strong></span> 
     </span>
     <span class='ocr_line' id='line_1_25' title="bbox 266 2791 1360 2878; baseline -0.005 -20"><span class='ocrx_word' id='word_1_198' title='bbox 266 2793 404 2858; x_wconf 83' lang='lat' dir='ltr'><strong>Harenae</strong></span> <span class='ocrx_word' id='word_1_199' title='bbox 425 2807 456 2859; x_wconf 90' lang='lat' dir='ltr'><strong>et</strong></span> <span class='ocrx_word' id='word_1_200' title='bbox 477 2799 602 2860; x_wconf 79' lang='lat' dir='ltr'><strong>Edeeeae</strong></span> <span class='ocrx_word' id='word_1_201' title='bbox 627 2797 726 2878; x_wconf 81' lang='lat' dir='ltr'><strong>gravia</strong></span> <span class='ocrx_word' id='word_1_202' title='bbox 746 2799 839 2858; x_wconf 79' lang='lat' dir='ltr'><strong>tamea</strong></span> <span class='ocrx_word' id='word_1_203' title='bbox 856 2797 924 2858; x_wconf 79' lang='lat' dir='ltr'><strong>fuit.</strong></span> <span class='ocrx_word' id='word_1_204' title='bbox 972 2797 1061 2860; x_wconf 79' lang='lat' dir='ltr'><strong>anno</strong></span> <span class='ocrx_word' id='word_1_205' title='bbox 1084 2805 1155 2878; x_wconf 84' lang='lat' dir='ltr'><strong>poet</strong></span> <span class='ocrx_word' id='word_1_206' title='bbox 1172 2791 1360 2856; x_wconf 83' lang='lat' dir='ltr'><strong>Domeatieue</strong></span> 
     </span>
     <span class='ocr_line' id='line_1_26' title="bbox 265 2897 1360 2983; baseline -0.004 -25"><span class='ocrx_word' id='word_1_207' title='bbox 265 2897 375 2962; x_wconf 84' lang='lat' dir='ltr'><strong>iterum</strong></span> <span class='ocrx_word' id='word_1_208' title='bbox 389 2900 523 2961; x_wconf 85' lang='lat' dir='ltr'><strong>Ciliciam</strong></span> <span class='ocrx_word' id='word_1_209' title='bbox 535 2901 684 2982; x_wconf 76' lang='lat' dir='ltr'><strong>ingramno</strong></span> <span class='ocrx_word' id='word_1_210' title='bbox 697 2899 910 2982; x_wconf 82' lang='lat' dir='ltr'><strong>Mopeveatiam</strong></span> <span class='ocrx_word' id='word_1_211' title='bbox 927 2898 1112 2983; x_wconf 82' lang='lat' dir='ltr'><strong>oppugnavit</strong></span> <span class='ocrx_word' id='word_1_212' title='bbox 1129 2918 1186 2980; x_wconf 86' lang='lat' dir='ltr'><strong>per</strong></span> <span class='ocrx_word' id='word_1_213' title='bbox 1198 2908 1261 2960; x_wconf 84' lang='lat' dir='ltr'><strong>tree</strong></span> <span class='ocrx_word' id='word_1_214' title='bbox 1272 2912 1360 2955; x_wconf 85' lang='lat' dir='ltr'><strong>men-</strong></span> 
     </span>
     <span class='ocr_line' id='line_1_27' title="bbox 265 2995 1358 3086; baseline -0.004 -24"><span class='ocrx_word' id='word_1_215' title='bbox 265 3021 327 3080; x_wconf 85' lang='lat' dir='ltr'><strong>aea,</strong></span> <span class='ocrx_word' id='word_1_216' title='bbox 349 3005 402 3064; x_wconf 84' lang='lat' dir='ltr'><strong>aed</strong></span> <span class='ocrx_word' id='word_1_217' title='bbox 415 3024 584 3086; x_wconf 79' lang='lat' dir='ltr'><strong>expugnare</strong></span> <span class='ocrx_word' id='word_1_218' title='bbox 598 3024 661 3065; x_wconf 90' lang='lat' dir='ltr'><strong>non</strong></span> <span class='ocrx_word' id='word_1_219' title='bbox 676 3001 793 3085; x_wconf 79' lang='lat' dir='ltr'><strong>potuit5</strong></span> <span class='ocrx_word' id='word_1_220' title='bbox 812 3003 916 3084; x_wconf 82' lang='lat' dir='ltr'><strong>itaque</strong></span> <span class='ocrx_word' id='word_1_221' title='bbox 933 3023 1027 3083; x_wconf 77' lang='lat' dir='ltr'><strong>quum</strong></span> <span class='ocrx_word' id='word_1_222' title='bbox 1039 3000 1138 3064; x_wconf 79' lang='lat' dir='ltr'><strong>morbi</strong></span> <span class='ocrx_word' id='word_1_223' title='bbox 1147 3009 1178 3062; x_wconf 87' lang='lat' dir='ltr'><strong>et</strong></span> <span class='ocrx_word' id='word_1_224' title='bbox 1187 2995 1358 3083; x_wconf 73' lang='lat' dir='ltr'><strong>petulantia</strong></span> 
     </span>
     <span class='ocr_line' id='line_1_28' title="bbox 265 3103 948 3188; baseline 0.006 -22"><span class='ocrx_word' id='word_1_225' title='bbox 265 3105 369 3188; x_wconf 81' lang='lat' dir='ltr'><strong>eopiaa</strong></span> <span class='ocrx_word' id='word_1_226' title='bbox 381 3106 570 3186; x_wconf 73' lang='lat' dir='ltr'><strong>infestarent,</strong></span> <span class='ocrx_word' id='word_1_227' title='bbox 589 3106 701 3168; x_wconf 82' lang='lat' dir='ltr'><strong>tributo</strong></span> <span class='ocrx_word' id='word_1_228' title='bbox 714 3103 854 3186; x_wconf 73' lang='lat' dir='ltr'><strong>imposito</strong></span> <span class='ocrx_word' id='word_1_229' title='bbox 867 3103 948 3170; x_wconf 83' lang='lat' dir='ltr'><strong>abiit.</strong></span> 
     </span>
    </p>

    <p class='ocr_par' dir='ltr' id='par_1_7' title="bbox 256 3201 1357 4324">
     <span class='ocr_line' id='line_1_29' title="bbox 350 3201 1357 3289; baseline -0.008 -21"><span class='ocrx_word' id='word_1_230' title='bbox 350 3207 438 3270; x_wconf 79' lang='lat' dir='ltr'><strong>Anno</strong></span> <span class='ocrx_word' id='word_1_231' title='bbox 454 3211 635 3272; x_wconf 81' lang='lat' dir='ltr'><strong>Graecorum</strong></span> <span class='ocrx_word' id='word_1_232' title='bbox 647 3213 730 3276; x_wconf 80' lang='lat'><strong>1276</strong></span> <span class='ocrx_word' id='word_1_233' title='bbox 740 3206 893 3289; x_wconf 74' lang='lat' dir='ltr'><strong>,Arabum</strong></span> <span class='ocrx_word' id='word_1_234' title='bbox 905 3207 987 3282; x_wconf 75' lang='lat'><strong>864,</strong></span> <span class='ocrx_word' id='word_1_235' title='bbox 1000 3227 1093 3289; x_wconf 87' lang='lat' dir='ltr'><strong>quum</strong></span> <span class='ocrx_word' id='word_1_236' title='bbox 1102 3224 1159 3270; x_wconf 81' lang='lat' dir='ltr'><strong>rex</strong></span> <span class='ocrx_word' id='word_1_237' title='bbox 1170 3201 1357 3286; x_wconf 82' lang='lat' dir='ltr'><strong>Nicephorna</strong></span> 
     </span>
     <span class='ocr_line' id='line_1_30' title="bbox 267 3307 1356 3394; baseline -0.003 -26"><span class='ocrx_word' id='word_1_238' title='bbox 267 3309 524 3394; x_wconf 73' lang='lat' dir='ltr'><strong>Constantinopoli</strong></span> <span class='ocrx_word' id='word_1_239' title='bbox 540 3313 708 3372; x_wconf 65' lang='lat' dir='ltr'><strong>&amp;meream</strong></span> <span class='ocrx_word' id='word_1_240' title='bbox 719 3310 925 3393; x_wconf 75' lang='lat' dir='ltr'><strong>Cappadociae</strong></span> <span class='ocrx_word' id='word_1_241' title='bbox 934 3310 1035 3372; x_wconf 81' lang='lat' dir='ltr'><strong>eedem</strong></span> <span class='ocrx_word' id='word_1_242' title='bbox 1045 3308 1256 3386; x_wconf 74' lang='lat' dir='ltr'><strong>mmmliuet,</strong></span> <span class='ocrx_word' id='word_1_243' title='bbox 1277 3307 1356 3366; x_wconf 86' lang='lat' dir='ltr'><strong>Tar-</strong></span> 
     </span>
     <span class='ocr_line' id='line_1_31' title="bbox 264 3407 1357 3502; baseline -0.003 -30"><span class='ocrx_word' id='word_1_244' title='bbox 264 3431 366 3502; x_wconf 80' lang='lat' dir='ltr'><strong>eeneee</strong></span> <span class='ocrx_word' id='word_1_245' title='bbox 384 3422 416 3474; x_wconf 87' lang='lat' dir='ltr'><strong>et</strong></span> <span class='ocrx_word' id='word_1_246' title='bbox 433 3413 652 3495; x_wconf 80' lang='lat' dir='ltr'><strong>Mopeveeteni,</strong></span> <span class='ocrx_word' id='word_1_247' title='bbox 672 3411 762 3474; x_wconf 67' lang='lat' dir='ltr'><strong>mirso</strong></span> <span class='ocrx_word' id='word_1_248' title='bbox 776 3413 815 3474; x_wconf 88' lang='lat' dir='ltr'><strong>ad</strong></span> <span class='ocrx_word' id='word_1_249' title='bbox 833 3431 904 3475; x_wconf 88' lang='lat' dir='ltr'><strong>eum</strong></span> <span class='ocrx_word' id='word_1_250' title='bbox 922 3413 1037 3492; x_wconf 75' lang='lat' dir='ltr'><strong>legato,</strong></span> <span class='ocrx_word' id='word_1_251' title='bbox 1062 3411 1243 3474; x_wconf 86' lang='lat' dir='ltr'><strong>deditionem</strong></span> <span class='ocrx_word' id='word_1_252' title='bbox 1260 3407 1357 3491; x_wconf 88' lang='lat' dir='ltr'><strong>polli-</strong></span> 
     </span>
     <span class='ocr_line' id='line_1_32' title="bbox 266 3514 1355 3598; baseline 0.001 -23"><span class='ocrx_word' id='word_1_253' title='bbox 266 3524 382 3593; x_wconf 87' lang='lat' dir='ltr'><strong>eeutea,</strong></span> <span class='ocrx_word' id='word_1_254' title='bbox 403 3535 502 3597; x_wconf 82' lang='lat' dir='ltr'><strong>regem</strong></span> <span class='ocrx_word' id='word_1_255' title='bbox 514 3516 551 3578; x_wconf 88' lang='lat' dir='ltr'><strong>ab</strong></span> <span class='ocrx_word' id='word_1_256' title='bbox 563 3535 598 3576; x_wconf 86' lang='lat' dir='ltr'><strong>eo</strong></span> <span class='ocrx_word' id='word_1_257' title='bbox 612 3517 808 3598; x_wconf 83' lang='lat' dir='ltr'><strong>expetierunt</strong></span> <span class='ocrx_word' id='word_1_258' title='bbox 847 3515 1013 3597; x_wconf 79' lang='lat' dir='ltr'><strong>lieepondit</strong></span> <span class='ocrx_word' id='word_1_259' title='bbox 1024 3515 1092 3577; x_wconf 85' lang='lat' dir='ltr'><strong>ille:</strong></span> <span class='ocrx_word' id='word_1_260' title='bbox 1113 3515 1224 3593; x_wconf 71' lang='lat' dir='ltr'><strong>„Num</strong></span> <span class='ocrx_word' id='word_1_261' title='bbox 1235 3514 1355 3576; x_wconf 66' lang='lat' dir='ltr'><strong>mum</strong></span> 
     </span>
     <span class='ocr_line' id='line_1_33' title="bbox 264 3615 1356 3701; baseline -0.001 -23"><span class='ocrx_word' id='word_1_262' title='bbox 264 3636 359 3698; x_wconf 81' lang='lat' dir='ltr'><strong>quam</strong></span> <span class='ocrx_word' id='word_1_263' title='bbox 370 3618 408 3679; x_wconf 86' lang='lat' dir='ltr'><strong>de</strong></span> <span class='ocrx_word' id='word_1_264' title='bbox 419 3639 522 3700; x_wconf 80' lang='lat' dir='ltr'><strong>regum</strong></span> <span class='ocrx_word' id='word_1_265' title='bbox 535 3627 703 3682; x_wconf 69' lang='lat' dir='ltr'><strong>vestrorum</strong></span> <span class='ocrx_word' id='word_1_266' title='bbox 713 3619 828 3680; x_wconf 85' lang='lat' dir='ltr'><strong>auxilio</strong></span> <span class='ocrx_word' id='word_1_267' title='bbox 840 3618 1030 3701; x_wconf 79' lang='lat' dir='ltr'><strong>deoperantee</strong></span> <span class='ocrx_word' id='word_1_268' title='bbox 1041 3637 1151 3678; x_wconf 84' lang='lat' dir='ltr'><strong>uanum</strong></span> <span class='ocrx_word' id='word_1_269' title='bbox 1163 3615 1356 3678; x_wconf 67' lang='lat' dir='ltr'><strong>cadaveribus</strong></span> 
     </span>
     <span class='ocr_line' id='line_1_34' title="bbox 262 3717 1353 3804; baseline -0.003 -23"><span class='ocrx_word' id='word_1_270' title='bbox 262 3719 322 3780; x_wconf 88' lang='lat' dir='ltr'><strong>iam</strong></span> <span class='ocrx_word' id='word_1_271' title='bbox 333 3721 493 3783; x_wconf 74' lang='lat' dir='ltr'><strong>vescimini</strong></span> <span class='ocrx_word' id='word_1_272' title='bbox 504 3731 534 3784; x_wconf 87' lang='lat' dir='ltr'><strong>et</strong></span> <span class='ocrx_word' id='word_1_273' title='bbox 543 3721 714 3804; x_wconf 67' lang='lat' dir='ltr'><strong>pestilentia</strong></span> <span class='ocrx_word' id='word_1_274' title='bbox 721 3743 777 3787; x_wconf 83' lang='lat' dir='ltr'><strong>voe</strong></span> <span class='ocrx_word' id='word_1_275' title='bbox 791 3721 930 3799; x_wconf 71' lang='lat' dir='ltr'><strong>absumit,</strong></span> <span class='ocrx_word' id='word_1_276' title='bbox 944 3719 1023 3782; x_wconf 86' lang='lat' dir='ltr'><strong>milri</strong></span> <span class='ocrx_word' id='word_1_277' title='bbox 1032 3740 1088 3782; x_wconf 85' lang='lat' dir='ltr'><strong>voe</strong></span> <span class='ocrx_word' id='word_1_278' title='bbox 1102 3720 1267 3783; x_wconf 69' lang='lat' dir='ltr'><strong>subiicietie</strong></span> <span class='ocrx_word' id='word_1_279' title='bbox 1278 3717 1353 3801; x_wconf 87' lang='lat' dir='ltr'><strong>(tam</strong></span> 
     </span>
     <span class='ocr_line' id='line_1_35' title="bbox 261 3819 1352 3907; baseline -0.003 -25"><span class='ocrx_word' id='word_1_280' title='bbox 261 3821 317 3882; x_wconf 87' lang='lat' dir='ltr'><strong>diu</strong></span> <span class='ocrx_word' id='word_1_281' title='bbox 336 3821 456 3906; x_wconf 78' lang='lat' dir='ltr'><strong>nempe)</strong></span> <span class='ocrx_word' id='word_1_282' title='bbox 490 3825 586 3888; x_wconf 87' lang='lat' dir='ltr'><strong>donee</strong></span> <span class='ocrx_word' id='word_1_283' title='bbox 608 3827 688 3888; x_wconf 81' lang='lat' dir='ltr'><strong>virae</strong></span> <span class='ocrx_word' id='word_1_284' title='bbox 710 3824 973 3907; x_wconf 70' lang='lat' dir='ltr'><strong>recuperaveritis,</strong></span> <span class='ocrx_word' id='word_1_285' title='bbox 1005 3825 1042 3885; x_wconf 87' lang='lat' dir='ltr'><strong>ut</strong></span> <span class='ocrx_word' id='word_1_286' title='bbox 1058 3822 1203 3886; x_wconf 84' lang='lat' dir='ltr'><strong>rebellare</strong></span> <span class='ocrx_word' id='word_1_287' title='bbox 1221 3819 1352 3903; x_wconf 70' lang='lat' dir='ltr'><strong>pueritie</strong></span> 
     </span>
     <span class='ocr_line' id='line_1_36' title="bbox 262 3914 1352 4010; baseline 0 -28"><span class='ocrx_word' id='word_1_288' title='bbox 262 3922 353 3983; x_wconf 77' lang='lat' dir='ltr'><strong>vobi·</strong></span> <span class='ocrx_word' id='word_1_289' title='bbox 374 3932 459 3988; x_wconf 72' lang='lat' dir='ltr'><strong>a‘rne</strong></span> <span class='ocrx_word' id='word_1_290' title='bbox 478 3929 523 3988; x_wconf 92' lang='lat' dir='ltr'><strong>nil</strong></span> <span class='ocrx_word' id='word_1_291' title='bbox 543 3928 602 3989; x_wconf 84' lang='lat' dir='ltr'><strong>nisi</strong></span> <span class='ocrx_word' id='word_1_292' title='bbox 620 3929 735 4009; x_wconf 70' lang='lat' dir='ltr'><strong>gladius</strong></span> <span class='ocrx_word' id='word_1_293' title='bbox 758 3927 960 4010; x_wconf 77' lang='lat' dir='ltr'><strong>expectandae</strong></span> <span class='ocrx_word' id='word_1_294' title='bbox 980 3914 1060 3989; x_wconf 77' lang='lat' dir='ltr'><strong>eet&#39;⁵</strong></span> <span class='ocrx_word' id='word_1_295' title='bbox 1107 3923 1230 3988; x_wconf 73' lang='lat' dir='ltr'><strong>littaris</strong></span> <span class='ocrx_word' id='word_1_296' title='bbox 1248 3941 1352 3984; x_wconf 89' lang='lat' dir='ltr'><strong>eorum</strong></span> 
     </span>
     <span class='ocr_line' id='line_1_37' title="bbox 260 4023 1351 4111; baseline 0.001 -28"><span class='ocrx_word' id='word_1_297' title='bbox 260 4041 351 4104; x_wconf 68' lang='lat' dir='ltr'><strong>nuper</strong></span> <span class='ocrx_word' id='word_1_298' title='bbox 361 4023 450 4104; x_wconf 81' lang='lat' dir='ltr'><strong>legati</strong></span> <span class='ocrx_word' id='word_1_299' title='bbox 465 4027 562 4111; x_wconf 85' lang='lat' dir='ltr'><strong>eapite</strong></span> <span class='ocrx_word' id='word_1_300' title='bbox 575 4029 617 4090; x_wconf 86' lang='lat' dir='ltr'><strong>ita</strong></span> <span class='ocrx_word' id='word_1_301' title='bbox 632 4030 814 4110; x_wconf 83' lang='lat' dir='ltr'><strong>combuatia,</strong></span> <span class='ocrx_word' id='word_1_302' title='bbox 834 4040 869 4092; x_wconf 87' lang='lat' dir='ltr'><strong>ut</strong></span> <span class='ocrx_word' id='word_1_303' title='bbox 880 4029 974 4091; x_wconf 79' lang='lat' dir='ltr'><strong>litaiua</strong></span> <span class='ocrx_word' id='word_1_304' title='bbox 989 4049 1108 4110; x_wconf 82' lang='lat' dir='ltr'><strong>quoque</strong></span> <span class='ocrx_word' id='word_1_305' title='bbox 1119 4028 1211 4090; x_wconf 82' lang='lat' dir='ltr'><strong>barba</strong></span> <span class='ocrx_word' id='word_1_306' title='bbox 1223 4024 1351 4087; x_wconf 84' lang='lat' dir='ltr'><strong>oombu-</strong></span> 
     </span>
     <span class='ocr_line' id='line_1_38' title="bbox 258 4127 1351 4217; baseline 0.001 -28"><span class='ocrx_word' id='word_1_307' title='bbox 258 4134 392 4203; x_wconf 79' lang='lat' dir='ltr'><strong>veretur,</strong></span> <span class='ocrx_word' id='word_1_308' title='bbox 413 4127 543 4208; x_wconf 80' lang='lat' dir='ltr'><strong>legatum</strong></span> <span class='ocrx_word' id='word_1_309' title='bbox 555 4132 652 4194; x_wconf 82' lang='lat' dir='ltr'><strong>eiecit</strong></span> <span class='ocrx_word' id='word_1_310' title='bbox 694 4135 773 4194; x_wconf 84' lang='lat' dir='ltr'><strong>Tum</strong></span> <span class='ocrx_word' id='word_1_311' title='bbox 785 4135 865 4194; x_wconf 83' lang='lat' dir='ltr'><strong>fama</strong></span> <span class='ocrx_word' id='word_1_312' title='bbox 877 4143 924 4196; x_wconf 82' lang='lat' dir='ltr'><strong>eet</strong></span> <span class='ocrx_word' id='word_1_313' title='bbox 936 4133 1074 4217; x_wconf 86' lang='lat' dir='ltr'><strong>quotidie</strong></span> <span class='ocrx_word' id='word_1_314' title='bbox 1084 4136 1150 4200; x_wconf 79' lang='lat'><strong>300</strong></span> <span class='ocrx_word' id='word_1_315' title='bbox 1160 4136 1351 4192; x_wconf 80' lang='lat' dir='ltr'><strong>mortuorum</strong></span> 
     </span>
     <span class='ocr_line' id='line_1_39' title="bbox 256 4229 1351 4324; baseline 0.005 -34"><span class='ocrx_word' id='word_1_316' title='bbox 256 4229 352 4292; x_wconf 76' lang='lat' dir='ltr'><strong>laetor</strong></span> <span class='ocrx_word' id='word_1_317' title='bbox 366 4231 485 4296; x_wconf 80' lang='lat' dir='ltr'><strong>aTareo</strong></span> <span class='ocrx_word' id='word_1_318' title='bbox 501 4234 594 4312; x_wconf 80' lang='lat' dir='ltr'><strong>elatee</strong></span> <span class='ocrx_word' id='word_1_319' title='bbox 614 4255 685 4301; x_wconf 77' lang='lat' dir='ltr'><strong>evea.</strong></span> <span class='ocrx_word' id='word_1_320' title='bbox 733 4237 800 4302; x_wconf 77' lang='lat' dir='ltr'><strong>Bax</strong></span> <span class='ocrx_word' id='word_1_321' title='bbox 813 4236 999 4324; x_wconf 73' lang='lat' dir='ltr'><strong>tiioaplaorue</strong></span> <span class='ocrx_word' id='word_1_322' title='bbox 1016 4243 1195 4318; x_wconf 58' lang='lat' dir='ltr'><strong>oougrqato</strong></span> <span class='ocrx_word' id='word_1_323' title='bbox 1213 4229 1351 4297; x_wconf 76' lang='lat' dir='ltr'><strong>exueitu</strong></span> 
     </span>
    </p>
   </div>
   <div class='ocr_carea' id='block_1_7' title="bbox 0 0 1484 4850">
    <p class='ocr_par' dir='ltr' id='par_1_8' title="bbox 0 0 1484 4850">
     <span class='ocr_line' id='line_1_40' title="bbox 0 0 1484 4850; baseline 0 7"><span class='ocrx_word' id='word_1_324' title='bbox 0 0 1484 4850; x_wconf 95' lang='lat' dir='ltr'><strong> </strong></span> 
     </span>
    </p>
   </div>
  </div>
 </body>
</html>
