2959 4850
235 274 313 349 ooo
511 230 802 353 ''nmmmnns
829 278 1027 353 menno

233 442 381 527 pecunia,
403 460 462 525 qna
482 442 646 525 pollemus,
668 462 770 503 omnes
791 440 925 502 nationes
948 458 1042 520 super
1058 428 1159 521 ipsum
1178 438 1324 501 invitabi-

231 565 315 623 mus,
338 555 368 605 et
387 544 472 626 qnasi
492 546 680 606 Karsmicurn
696 540 759 628 ⁸⁸),
779 542 811 603 id
834 552 878 603 est
897 545 950 604 ies
965 542 1077 617 fictile,
1098 542 1179 622 quod
1202 544 1325 603 confia-

232 656 317 707 otnm
335 647 491 707 reformari
507 646 629 727 nequit,
651 646 880 725 confringemus.
922 646 963 707 Et
980 645 1122 726 quoniam
1136 654 1168 704 te
1182 644 1216 703 in
1230 644 1326 705 deon-

232 768 297 811 rem
316 768 403 809 sunm
426 750 569 828 quaedam
583 752 675 832 pallia
692 750 794 809 emisse
809 758 965 829 putamus,
985 757 1022 810 ut
1040 748 1074 807 in
1095 746 1225 807 medinm
1248 766 1326 827 pro-

232 852 384 930 ferantur,
407 852 568 925 edicimus,
596 872 669 933 quae
689 860 759 913 sunt
777 851 864 910 volsis
893 850 997 929 digna,
1024 849 1162 932 plumbea
1182 854 1327 906 notentur

235 953 318 1037 bulla
328 999 337 1032 ,
358 952 501 1036 vobisque
517 955 668 1033 sinantur,
691 972 856 1034 quaerero
876 948 1066 1034 κωλυόμενα,
1087 951 1120 1011 id
1137 947 1328 1028 estyustioui-

205 1054 290 1116 cbus
318 1055 472 1135 omnibus,
491 1078 563 1138 prae
588 1057 673 1118 nobis
700 1057 856 1133 Romanis,
884 1055 1050 1137 prohibita,
1075 1052 1173 1135 Pretio
1196 1050 1326 1126 reddito,

236 1158 417 1219 auferantur.
460 1160 550 1233 Quod
564 1180 634 1220 cum
648 1160 733 1219 fieret
741 1205 752 1237 ,
773 1159 903 1238 quinque
918 1158 993 1219 mihi
1007 1153 1232 1241 pretiosissimas
1247 1170 1327 1232 pnr-

233 1278 325 1341 puras
353 1258 557 1323 abstulerunt:
585 1262 723 1343 indignos
755 1284 826 1341 vos,
862 1281 1022 1341 omnesque
1051 1259 1156 1334 Italos,
1184 1257 1326 1332 Saxones,

233 1362 382 1440 Francos,
404 1362 564 1441 Bagoarios
579 1359 641 1448 ⁸⁴),
670 1368 799 1444 Suevos,
819 1366 911 1425 immo
929 1372 1051 1424 cunctas
1069 1359 1205 1422 nationes
1219 1355 1327 1417 huius-

233 1463 316 1523 modi
331 1473 415 1526 vesta
428 1474 548 1527 ornatos
563 1465 702 1528 incedere
715 1466 891 1528 iudicantes.
935 1464 1025 1539 Quod
1038 1482 1128 1543 quam
1140 1461 1326 1536 indecorum,

235 1586 382 1646 quamque
406 1567 654 1628 contumeliosum
674 1569 730 1647 sit,
760 1568 879 1646 molles,
906 1567 1124 1640 effoeminatos,
1152 1563 1326 1637 manicatos,

234 1668 372 1745 tiaratos,
399 1669 584 1747 teristratos,
606 1671 780 1748 mendaces,
800 1680 922 1731 neutros
936 1668 996 1742 ³⁸),
1025 1665 1156 1742 desides,
1177 1680 1328 1744 purpura·

235 1778 282 1829 tos
297 1770 451 1848 incedere3
474 1770 577 1833 heroas
594 1792 666 1834 vero
675 1819 684 1852 ,
704 1773 789 1834 viros
804 1772 917 1833 scilicet
933 1774 1044 1850 fortes,
1065 1769 1190 1830 seientes
1204 1766 1329 1839 bellum,

234 1870 320 1948 fidei,
344 1870 554 1954 charitatisque
568 1876 683 1956 plenos,
705 1875 767 1936 Deo
782 1876 926 1951 subditos,
946 1874 1110 1937 virtutibus
1124 1872 1230 1951 plenos
1246 1886 1327 1927 nou:

234 1973 310 2052 quid
335 1982 394 2046 est,
422 1974 448 2035 si
471 1996 532 2037 non
555 1976 629 2037 haec
650 1980 832 2039 contumelia
852 1978 919 2039 esti
954 1977 1012 2037 Sed
1029 1976 1084 2036 ubi
1104 1985 1167 2054 est,
1194 1974 1327 2052 inquiam,

207 2075 450 2156 Dlmperstorins
471 2080 591 2138 sermo?
622 2081 676 2141 ubi
693 2082 859 2162 Imperialis
879 2077 1059 2162 promissio?
1088 2098 1158 2137 cum
1181 2075 1260 2135 enim
1279 2070 1329 2131 illi

234 2178 447 2257 valedicerem,
475 2182 595 2261 rogavi,
623 2192 659 2243 ut
680 2184 714 2243 in
736 2185 885 2245 Ecclesiae
905 2183 1051 2243 honorem
1069 2178 1221 2262 quantivis
1237 2172 1330 2258 pretii

234 2300 283 2340 me
304 2282 489 2362 permitteret
514 2285 607 2366 pallia
631 2305 735 2351 emere.
787 2264 848 2362 Qui
866 2287 924 2363 ait,
953 2283 1051 2364 qualia
1066 2282 1118 2341 uis
1142 2290 1172 2340 et
1195 2280 1328 2359 quantai

233 2379 376 2465 ποιότητα
388 2384 440 2449 sol
453 2382 618 2468 ποσότητα,
647 2388 679 2450 id
699 2398 744 2452 est
765 2388 937 2472 qualitatem
958 2395 988 2447 et
1006 2382 1200 2466 quantitatem
1213 2398 1328 2464 ponens

235 2485 433 2548 differentiani
445 2489 534 2572 plane
550 2510 612 2549 nou
631 2490 749 2570 posuit,
769 2501 805 2550 nt
826 2491 954 2566 diceret,
976 2487 1041 2564 his,
1063 2495 1094 2546 et
1108 2485 1170 2544 illis
1185 2481 1326 2563 exceptis.

235 2588 331 2648 Testis
346 2599 391 2650 ast
408 2591 466 2650 Lao
482 2591 654 2672 Coroplates
672 2593 766 2652 irater
781 2592 845 2652 eius
852 2613 862 2669 3
883 2591 967 2652 testis
981 2599 1071 2666 estet
1084 2588 1234 2668 interpret
1244 2585 1329 2645 Evo-

235 2691 346 2769 disins,
368 2691 502 2771 loannes,
523 2696 690 2782 Romanus3
710 2695 795 2755 testis
807 2715 874 2754 suan
887 2693 960 2774 ipae,
983 2692 1043 2771 qni,
1064 2689 1151 2771 qnod
1165 2689 1330 2769 imperator

235 2794 367 2873 (liceret,
398 2794 534 2856 etiamsi
560 2794 708 2876 interpres
732 2797 861 2874 abesset,
881 2792 1035 2870 intellexi,
1063 2793 1116 2853 sed
1142 2782 1329 2870 aniodpsro,

235 2895 269 2957 id
284 2907 329 2958 sat
341 2896 491 2978 prohibita
507 2896 671 2977 sunthaee,
691 2899 845 2980 inquiunt.
886 2897 925 2958 Iit
941 2917 1018 2973 oum,
1039 2912 1116 2976 quae
1129 2895 1244 2970 asseris,
1265 2890 1331 2950 Im·

235 3009 358 3080 perator
371 3001 482 3061 diceret
489 3045 498 3077 ,
521 2999 557 3060 de
574 3001 684 3062 talibus
696 3003 817 3080 saltem,
838 3011 874 3061 ut
887 2999 1065 3074 somniares,
1087 3012 1150 3055 non
1163 2993 1261 3075 potnit
1274 3009 1330 3050 oo-

236 3102 345 3179 gitare:
371 3112 408 3163 ut
437 3103 516 3162 enim
543 3103 675 3182 divitiis,
702 3103 862 3185 sapientis,
888 3103 931 3163 ita
957 3111 987 3161 et
1013 3098 1134 3160 caeteris
1156 3093 1329 3157 nationibus

205 3212 387 3283 Eprsestara
406 3214 488 3264 veste
507 3205 661 3264 debemuaa
682 3209 845 3286 atquibus
866 3215 912 3266 est
932 3202 1091 3283 singularis
1111 3199 1144 3258 in
1165 3193 1329 3257 nunnius

234 3304 344 3384 grstia,
365 3305 406 3365 sit
428 3305 586 3385 singularis
610 3317 640 3366 et
655 3307 690 3367 in
711 3307 916 3389 pulcritudine
935 3306 1038 3366 vestis.
1076 3299 1331 3378 Haudquaquam

234 3407 409 3488 singularia,
432 3407 570 3491 inquam,
593 3408 667 3470 haee
678 3411 769 3472 vestis
781 3411 847 3471 fieri
860 3416 975 3491 potest,
996 3424 1064 3465 cum
1076 3422 1168 3484 penes
1183 3419 1240 3459 nos
1253 3397 1332 3459 obo-

233 3510 326 3570 las-ias
341 3513 481 3573 mulieres
502 3522 532 3574 et
545 3513 810 3594 mandrogerontes
822 3511 870 3572 lais
884 3519 1018 3572 utantur.
1062 3505 1159 3582 Unda,
1180 3501 1331 3582 inquiunt,

232 3718 345 3777 nostris
362 3737 400 3776 ax
413 3717 607 3796 victualibus,
626 3719 702 3779 haec
715 3717 839 3780 serendo
853 3714 958 3793 nobis,
976 3714 1068 3774 vitam
1083 3709 1224 3770 nuoismt
1236 3723 1333 3766 suam.

234 3817 293 3877 Sed
304 3837 368 3878 non
384 3821 511 3900 amplius
529 3818 588 3881 hoc
601 3822 727 3900 facient,
755 3819 849 3880 aiunt.
891 3816 1113 3876 Scrutabuntnr
1123 3811 1231 3893 plane,
1255 3817 1286 3868 st
1305 3804 1334 3865 si

235 3918 311 3996 quid
323 3917 496 3984 hadusmodi
509 3923 666 3986 inventum
682 3923 783 3998 fuerit,
802 3918 976 3982 verberibus
993 3935 1107 3992 caesus,
1129 3913 1213 3972 crine
1227 3921 1333 3971 tonsos

234 4038 347 4099 poenas
362 4019 453 4086 dabit.
495 4025 705 4107 Temporibus,
726 4025 866 4105 inquam,
886 4022 989 4123 lempse
1004 4016 1164 4080 memoriae
1182 4014 1335 4073 consun-

269 4127 570 4313 ffllffiffbfff
642 4175 694 4246 ee)
714 4174 787 4232 ann
803 4147 951 4233 amasai
971 4127 1072 4230 nrm.x
1123 4164 1173 4237 ae)
1195 4159 1335 4219 nocua·
