<?xml version="1.0" encoding="UTF-8"?>
<!DOCTYPE html PUBLIC "-//W3C//DTD XHTML 1.0 Transitional//EN"
    "http://www.w3.org/TR/xhtml1/DTD/xhtml1-transitional.dtd">
<html xmlns="http://www.w3.org/1999/xhtml" xml:lang="en" lang="en">
 <head>
  <title>
</title>
<meta http-equiv="Content-Type" content="text/html;charset=utf-8" />
  <meta name='ocr-system' content='tesseract 3.04.00' />
  <meta name='ocr-capabilities' content='ocr_page ocr_carea ocr_par ocr_line ocrx_word'/>
</head>
<body>
  <div class='ocr_page' id='page_1' title='image "./corpusscriptoru00theogoog/corpusscriptoru00theogoog_0598.png"; bbox 0 0 2959 4850; ppageno 0'>
   <div class='ocr_carea' id='block_1_1' title="bbox 259 278 999 378">
    <p class='ocr_par' dir='ltr' id='par_1_1' title="bbox 259 278 999 378">
     <span class='ocr_line' id='line_1_1' title="bbox 259 278 999 378; baseline 0 -4"><span class='ocrx_word' id='word_1_1' title='bbox 259 278 338 374; x_wconf 76' lang='lat' dir='ltr'><em>&#39;coe</em></span> <span class='ocrx_word' id='word_1_2' title='bbox 597 305 999 378; x_wconf 69' lang='grc' dir='ltr'><strong><em>(ινιιιειιινοιιιι</em></strong></span> 
     </span>
    </p>
   </div>
   <div class='ocr_carea' id='block_1_2' title="bbox 245 457 1363 4209">
    <p class='ocr_par' dir='ltr' id='par_1_2' title="bbox 245 457 1363 4209">
     <span class='ocr_line' id='line_1_2' title="bbox 259 457 1359 554; baseline -0.003 -23"><span class='ocrx_word' id='word_1_3' title='bbox 259 459 492 550; x_wconf 68' lang='grc' dir='ltr'><strong><em>τῶνβαρβάρων</em></strong></span> <span class='ocrx_word' id='word_1_4' title='bbox 508 465 560 530; x_wconf 71' lang='grc' dir='ltr'><em>καὶ</em></span> <span class='ocrx_word' id='word_1_5' title='bbox 575 466 688 542; x_wconf 64' lang='lat' dir='ltr'><em>&amp;nocie</em></span> <span class='ocrx_word' id='word_1_6' title='bbox 703 461 888 548; x_wconf 69' lang='grc' dir='ltr'><strong><em>ὃξερήμωτο,</em></strong></span> <span class='ocrx_word' id='word_1_7' title='bbox 907 463 941 529; x_wconf 78' lang='lat' dir='ltr'><em>ie</em></span> <span class='ocrx_word' id='word_1_8' title='bbox 952 457 1081 554; x_wconf 74' lang='grc' dir='ltr'><strong><em>βᾶθρσν</em></strong></span> <span class='ocrx_word' id='word_1_9' title='bbox 1095 459 1199 528; x_wconf 76' lang='lat' dir='ltr'><em>adesir</em></span> <span class='ocrx_word' id='word_1_10' title='bbox 1208 467 1359 546; x_wconf 67' lang='grc' dir='ltr'><em>καταβαλ-</em></span> 
     </span>
     <span class='ocr_line' id='line_1_3' title="bbox 245 546 1359 634; baseline -0.001 -19"><span class='ocrx_word' id='word_1_11' title='bbox 245 547 383 616; x_wconf 80' lang='grc' dir='ltr'><strong><em>Βλὸντων</em></strong></span> <span class='ocrx_word' id='word_1_12' title='bbox 395 549 431 614; x_wconf 82' lang='lat' dir='ltr'><em>eei</em></span> <span class='ocrx_word' id='word_1_13' title='bbox 449 553 544 634; x_wconf 75' lang='grc' dir='ltr'><em>τείχη·</em></span> <span class='ocrx_word' id='word_1_14' title='bbox 565 552 616 616; x_wconf 78' lang='lat' dir='ltr'><em>nai</em></span> <span class='ocrx_word' id='word_1_15' title='bbox 630 547 696 616; x_wconf 80' lang='grc' dir='ltr'>τότε</span> <span class='ocrx_word' id='word_1_16' title='bbox 711 547 808 634; x_wconf 68' lang='grc' dir='ltr'><strong><em>ἀρχὴν</em></strong></span> <span class='ocrx_word' id='word_1_17' title='bbox 821 552 897 632; x_wconf 74' lang='grc' dir='ltr'><em>ἐμοῦ</em></span> <span class='ocrx_word' id='word_1_18' title='bbox 911 546 1033 632; x_wconf 74' lang='lat' dir='ltr'><em>nocitos</em></span> <span class='ocrx_word' id='word_1_19' title='bbox 1045 546 1135 615; x_wconf 77' lang='lat' dir='ltr'><em>uitro</em></span> <span class='ocrx_word' id='word_1_20' title='bbox 1146 549 1304 632; x_wconf 71' lang='grc' dir='ltr'><strong><em>σίιιῆσαι*)</em></strong></span> <span class='ocrx_word' id='word_1_21' title='bbox 1318 549 1359 614; x_wconf 70' lang='lat' dir='ltr'><em>rt</em></span> 
     </span>
     <span class='ocr_line' id='line_1_4' title="bbox 261 631 1361 722; baseline -0.001 -22"><span class='ocrx_word' id='word_1_22' title='bbox 261 635 407 717; x_wconf 76' lang='grc' dir='ltr'><strong><em>Κλήματα</em></strong></span> <span class='ocrx_word' id='word_1_23' title='bbox 430 637 676 719; x_wconf 74' lang='grc' dir='ltr'><strong><em>διανοησσμένσν.</em></strong></span> <span class='ocrx_word' id='word_1_24' title='bbox 720 632 876 722; x_wconf 74' lang='grc' dir='ltr'><em>Τοιγάρτοι</em></span> <span class='ocrx_word' id='word_1_25' title='bbox 895 631 1044 719; x_wconf 78' lang='grc' dir='ltr'><strong><em>φρούριον</em></strong></span> <span class='ocrx_word' id='word_1_26' title='bbox 1066 633 1120 717; x_wconf 68' lang='grc' dir='ltr'><em>μὲν</em></span> <span class='ocrx_word' id='word_1_27' title='bbox 1141 640 1298 714; x_wconf 68' lang='lat' dir='ltr'><em>consutos</em></span> <span class='ocrx_word' id='word_1_28' title='bbox 1324 635 1361 699; x_wconf 73' lang='lat' dir='ltr'><em>ia</em></span> 
     </span>
     <span class='ocr_line' id='line_1_5' title="bbox 259 717 1361 808; baseline -0.002 -24"><span class='ocrx_word' id='word_1_29' title='bbox 259 727 320 785; x_wconf 74' lang='grc' dir='ltr'><em>τῶν</em></span> <span class='ocrx_word' id='word_1_30' title='bbox 338 717 466 786; x_wconf 76' lang='grc' dir='ltr'><strong><em>ἐνόντων</em></strong></span> <span class='ocrx_word' id='word_1_31' title='bbox 487 717 696 808; x_wconf 71' lang='grc' dir='ltr'><strong><em>ἕξφιισὸόμησα</em></strong></span> <span class='ocrx_word' id='word_1_32' title='bbox 716 717 791 801; x_wconf 77' lang='grc' dir='ltr'><em>παρ’</em></span> <span class='ocrx_word' id='word_1_33' title='bbox 815 717 924 800; x_wconf 63' lang='grc' dir='ltr'><strong><em>αὐτήν,</em></strong></span> <span class='ocrx_word' id='word_1_34' title='bbox 947 717 989 795; x_wconf 76' lang='lat' dir='ltr'><em>u‘c</em></span> <span class='ocrx_word' id='word_1_35' title='bbox 1004 720 1038 784; x_wconf 78' lang='lat' dir='ltr'><em>lu</em></span> <span class='ocrx_word' id='word_1_36' title='bbox 1052 718 1160 784; x_wconf 72' lang='grc' dir='ltr'><strong>τούτου</strong></span> <span class='ocrx_word' id='word_1_37' title='bbox 1177 721 1290 801; x_wconf 58' lang='lat' dir='ltr'><em>§ablue</em></span> <span class='ocrx_word' id='word_1_38' title='bbox 1305 719 1361 782; x_wconf 73' lang='lat' dir='ltr'><em>aab</em></span> 
     </span>
     <span class='ocr_line' id='line_1_6' title="bbox 257 801 1361 888; baseline -0.006 -18"><span class='ocrx_word' id='word_1_39' title='bbox 257 807 314 888; x_wconf 72' lang='grc' dir='ltr'><em>τήν</em></span> <span class='ocrx_word' id='word_1_40' title='bbox 328 803 420 887; x_wconf 67' lang='grc' dir='ltr'><strong><em>ἄλλην</em></strong></span> <span class='ocrx_word' id='word_1_41' title='bbox 437 801 557 872; x_wconf 78' lang='grc' dir='ltr'><strong><em>ἅπασαν</em></strong></span> <span class='ocrx_word' id='word_1_42' title='bbox 569 802 657 871; x_wconf 78' lang='grc' dir='ltr'><strong><em>πόλιν</em></strong></span> <span class='ocrx_word' id='word_1_43' title='bbox 678 803 909 886; x_wconf 72' lang='grc' dir='ltr'><strong><em>οἰκισθήσεσθαι</em></strong></span> <span class='ocrx_word' id='word_1_44' title='bbox 922 852 930 865; x_wconf 93' lang='grc'><strong>.</strong></span> <span class='ocrx_word' id='word_1_45' title='bbox 944 849 976 866; x_wconf 89' lang='grc'><em>..</em></span> <span class='ocrx_word' id='word_1_46' title='bbox 1016 804 1054 869; x_wconf 85' lang='grc' dir='ltr'><em>Η.</em></span> <span class='ocrx_word' id='word_1_47' title='bbox 1075 827 1100 869; x_wconf 88' lang='lat' dir='ltr'><em>e.</em></span> <span class='ocrx_word' id='word_1_48' title='bbox 1125 807 1257 867; x_wconf 79' lang='lat' dir='ltr'><em>Oominc</em></span> <span class='ocrx_word' id='word_1_49' title='bbox 1274 808 1361 864; x_wconf 87' lang='lat' dir='ltr'><em>enirn</em></span> 
     </span>
     <span class='ocr_line' id='line_1_7' title="bbox 259 890 1361 968; baseline -0.003 -17"><span class='ocrx_word' id='word_1_50' title='bbox 259 903 331 952; x_wconf 87' lang='lat' dir='ltr'><em>iuno</em></span> <span class='ocrx_word' id='word_1_51' title='bbox 351 892 491 952; x_wconf 83' lang='lat' dir='ltr'><em>barbaris</em></span> <span class='ocrx_word' id='word_1_52' title='bbox 511 891 620 951; x_wconf 88' lang='lat' dir='ltr'><em>bellurn</em></span> <span class='ocrx_word' id='word_1_53' title='bbox 647 893 759 968; x_wconf 81' lang='lat' dir='ltr'><em>inferre</em></span> <span class='ocrx_word' id='word_1_54' title='bbox 780 890 983 951; x_wconf 80' lang='lat' dir='ltr'><em>decrevimus:</em></span> <span class='ocrx_word' id='word_1_55' title='bbox 1013 901 1085 967; x_wconf 84' lang='lat' dir='ltr'><em>cu,</em></span> <span class='ocrx_word' id='word_1_56' title='bbox 1112 893 1142 948; x_wconf 86' lang='lat' dir='ltr'><em>si</em></span> <span class='ocrx_word' id='word_1_57' title='bbox 1162 911 1233 948; x_wconf 82' lang='lat' dir='ltr'><em>uera</em></span> <span class='ocrx_word' id='word_1_58' title='bbox 1258 893 1361 965; x_wconf 82' lang='lat' dir='ltr'><em>soteri</em></span> 
     </span>
     <span class='ocr_line' id='line_1_8' title="bbox 260 975 1362 1058; baseline -0.004 -22"><span class='ocrx_word' id='word_1_59' title='bbox 260 988 382 1058; x_wconf 86' lang='lat' dir='ltr'><em>oportet,</em></span> <span class='ocrx_word' id='word_1_60' title='bbox 404 980 578 1036; x_wconf 83' lang='lat' dir='ltr'><em>recessimus</em></span> <span class='ocrx_word' id='word_1_61' title='bbox 591 979 630 1036; x_wconf 90' lang='lat' dir='ltr'><em>ab</em></span> <span class='ocrx_word' id='word_1_62' title='bbox 646 979 712 1036; x_wconf 88' lang='lat' dir='ltr'><em>illis</em></span> <span class='ocrx_word' id='word_1_63' title='bbox 727 989 815 1053; x_wconf 89' lang='lat' dir='ltr'><em>metu,</em></span> <span class='ocrx_word' id='word_1_64' title='bbox 838 999 874 1036; x_wconf 87' lang='lat' dir='ltr'><em>ne</em></span> <span class='ocrx_word' id='word_1_65' title='bbox 887 979 949 1056; x_wconf 84' lang='lat' dir='ltr'><em>ipsi</em></span> <span class='ocrx_word' id='word_1_66' title='bbox 959 979 1079 1056; x_wconf 84' lang='lat' dir='ltr'><em>priores</em></span> <span class='ocrx_word' id='word_1_67' title='bbox 1095 975 1135 1034; x_wconf 87' lang='lat' dir='ltr'><em>ab</em></span> <span class='ocrx_word' id='word_1_68' title='bbox 1150 977 1191 1033; x_wconf 88' lang='lat' dir='ltr'><em>iis</em></span> <span class='ocrx_word' id='word_1_69' title='bbox 1205 979 1362 1054; x_wconf 85' lang='lat' dir='ltr'><em>opprime-</em></span> 
     </span>
     <span class='ocr_line' id='line_1_9' title="bbox 259 1061 1361 1144; baseline -0.004 -22"><span class='ocrx_word' id='word_1_70' title='bbox 259 1083 378 1138; x_wconf 81' lang='lat' dir='ltr'><em>remur,</em></span> <span class='ocrx_word' id='word_1_71' title='bbox 399 1065 620 1142; x_wconf 68' lang='lat' dir='ltr'><em>statuimusque</em></span> <span class='ocrx_word' id='word_1_72' title='bbox 635 1066 676 1122; x_wconf 89' lang='lat' dir='ltr'><em>iis</em></span> <span class='ocrx_word' id='word_1_73' title='bbox 699 1075 852 1142; x_wconf 86' lang='lat' dir='ltr'><em>quantum</em></span> <span class='ocrx_word' id='word_1_74' title='bbox 857 1081 1015 1144; x_wconf 86' lang='lat' dir='ltr'><em>possemus</em></span> <span class='ocrx_word' id='word_1_75' title='bbox 1034 1079 1212 1141; x_wconf 73' lang='lat' dir='ltr'><em>repugnare.</em></span> <span class='ocrx_word' id='word_1_76' title='bbox 1252 1061 1361 1139; x_wconf 80' lang='lat' dir='ltr'><em>Aeque</em></span> 
     </span>
     <span class='ocr_line' id='line_1_10' title="bbox 261 1143 1359 1228; baseline -0.002 -24"><span class='ocrx_word' id='word_1_77' title='bbox 261 1150 342 1204; x_wconf 86' lang='lat' dir='ltr'><em>enirn</em></span> <span class='ocrx_word' id='word_1_78' title='bbox 357 1149 512 1206; x_wconf 77' lang='lat' dir='ltr'><em>universos</em></span> <span class='ocrx_word' id='word_1_79' title='bbox 531 1145 715 1228; x_wconf 80' lang='lat' dir='ltr'><em>diripiebant</em></span> <span class='ocrx_word' id='word_1_80' title='bbox 730 1149 984 1207; x_wconf 67' lang='lat' dir='ltr'><em>inhumanissime</em></span> <span class='ocrx_word' id='word_1_81' title='bbox 1003 1157 1030 1204; x_wconf 91' lang='lat' dir='ltr'><em>et</em></span> <span class='ocrx_word' id='word_1_82' title='bbox 1047 1143 1297 1227; x_wconf 64' lang='lat' dir='ltr'><em>pessundabant,</em></span> <span class='ocrx_word' id='word_1_83' title='bbox 1320 1157 1359 1202; x_wconf 92' lang='lat' dir='ltr'><em>ut</em></span> 
     </span>
     <span class='ocr_line' id='line_1_11' title="bbox 261 1229 1358 1314; baseline -0.002 -25"><span class='ocrx_word' id='word_1_84' title='bbox 261 1229 412 1312; x_wconf 81' lang='lat' dir='ltr'><em>quaedam</em></span> <span class='ocrx_word' id='word_1_85' title='bbox 424 1233 542 1292; x_wconf 89' lang='lat' dir='ltr'><em>belluae</em></span> <span class='ocrx_word' id='word_1_86' title='bbox 563 1235 597 1292; x_wconf 92' lang='lat' dir='ltr'><em>in</em></span> <span class='ocrx_word' id='word_1_87' title='bbox 612 1255 711 1292; x_wconf 88' lang='lat' dir='ltr'><em>omnes</em></span> <span class='ocrx_word' id='word_1_88' title='bbox 730 1235 876 1314; x_wconf 86' lang='lat' dir='ltr'><em>impetum</em></span> <span class='ocrx_word' id='word_1_89' title='bbox 886 1235 1048 1309; x_wconf 86' lang='lat' dir='ltr'><em>facientes.</em></span> <span class='ocrx_word' id='word_1_90' title='bbox 1091 1232 1191 1290; x_wconf 87' lang='lat' dir='ltr'><em>Nulla</em></span> <span class='ocrx_word' id='word_1_91' title='bbox 1217 1231 1269 1288; x_wconf 85' lang='lat' dir='ltr'><em>lu&#39;s</em></span> <span class='ocrx_word' id='word_1_92' title='bbox 1289 1234 1358 1288; x_wconf 87' lang='lat' dir='ltr'><em>ine-</em></span> 
     </span>
     <span class='ocr_line' id='line_1_12' title="bbox 260 1317 1359 1396; baseline -0.002 -22"><span class='ocrx_word' id='word_1_93' title='bbox 260 1327 311 1374; x_wconf 91' lang='lat' dir='ltr'><em>rat</em></span> <span class='ocrx_word' id='word_1_94' title='bbox 325 1318 374 1376; x_wconf 78' lang='lat' dir='ltr'><em>vel</em></span> <span class='ocrx_word' id='word_1_95' title='bbox 386 1339 458 1396; x_wconf 78' lang='lat' dir='ltr'><em>erga</em></span> <span class='ocrx_word' id='word_1_96' title='bbox 480 1321 744 1378; x_wconf 85' lang='lat' dir='ltr'><em>coniunctissimos</em></span> <span class='ocrx_word' id='word_1_97' title='bbox 764 1320 966 1393; x_wconf 87' lang='lat' dir='ltr'><em>continentia,</em></span> <span class='ocrx_word' id='word_1_98' title='bbox 995 1338 1048 1376; x_wconf 88' lang='lat' dir='ltr'><em>neo</em></span> <span class='ocrx_word' id='word_1_99' title='bbox 1069 1319 1186 1375; x_wconf 85' lang='lat' dir='ltr'><em>ratione</em></span> <span class='ocrx_word' id='word_1_100' title='bbox 1212 1317 1281 1373; x_wconf 83' lang='lat' dir='ltr'><em>ulla</em></span> <span class='ocrx_word' id='word_1_101' title='bbox 1301 1326 1359 1372; x_wconf 89' lang='lat' dir='ltr'><em>aut</em></span> 
     </span>
     <span class='ocr_line' id='line_1_13' title="bbox 259 1398 1360 1484; baseline -0.003 -24"><span class='ocrx_word' id='word_1_102' title='bbox 259 1404 336 1460; x_wconf 90' lang='lat' dir='ltr'><em>iusti</em></span> <span class='ocrx_word' id='word_1_103' title='bbox 347 1398 521 1460; x_wconf 80' lang='lat' dir='ltr'><em>discrimine</em></span> <span class='ocrx_word' id='word_1_104' title='bbox 540 1407 572 1462; x_wconf 90' lang='lat' dir='ltr'><em>in</em></span> <span class='ocrx_word' id='word_1_105' title='bbox 589 1401 753 1484; x_wconf 88' lang='lat' dir='ltr'><em>patranda</em></span> <span class='ocrx_word' id='word_1_106' title='bbox 772 1402 862 1468; x_wconf 83' lang='lat' dir='ltr'><em>caede</em></span> <span class='ocrx_word' id='word_1_107' title='bbox 878 1402 1018 1462; x_wconf 86' lang='lat' dir='ltr'><em>uolebant</em></span> <span class='ocrx_word' id='word_1_108' title='bbox 1044 1403 1109 1459; x_wconf 78' lang='lat' dir='ltr'><em>uti.-</em></span> <span class='ocrx_word' id='word_1_109' title='bbox 1135 1398 1189 1459; x_wconf 87' lang='lat' dir='ltr'><em>sed</em></span> <span class='ocrx_word' id='word_1_110' title='bbox 1200 1403 1360 1478; x_wconf 80' lang='lat' dir='ltr'><em>Mysorum</em></span> 
     </span>
     <span class='ocr_line' id='line_1_14' title="bbox 253 1484 1360 1569; baseline -0.002 -25"><span class='ocrx_word' id='word_1_111' title='bbox 253 1484 421 1566; x_wconf 79' lang='lat' dir='ltr'><em>praedam,</em></span> <span class='ocrx_word' id='word_1_112' title='bbox 443 1487 528 1566; x_wconf 89' lang='lat' dir='ltr'><em>quod</em></span> <span class='ocrx_word' id='word_1_113' title='bbox 540 1492 647 1563; x_wconf 89' lang='lat' dir='ltr'><em>aiunt,</em></span> <span class='ocrx_word' id='word_1_114' title='bbox 670 1491 808 1569; x_wconf 90' lang='lat' dir='ltr'><em>ipsorum</em></span> <span class='ocrx_word' id='word_1_115' title='bbox 825 1491 974 1568; x_wconf 80' lang='lat' dir='ltr'><em>regionem</em></span> <span class='ocrx_word' id='word_1_116' title='bbox 988 1484 1110 1545; x_wconf 85' lang='lat' dir='ltr'><em>reddere</em></span> <span class='ocrx_word' id='word_1_117' title='bbox 1131 1486 1213 1544; x_wconf 80' lang='lat' dir='ltr'><em>necle</em></span> <span class='ocrx_word' id='word_1_118' title='bbox 1228 1507 1267 1544; x_wconf 89' lang='lat' dir='ltr'><em>ac</em></span> <span class='ocrx_word' id='word_1_119' title='bbox 1285 1507 1360 1564; x_wconf 90' lang='lat' dir='ltr'><em>per·</em></span> 
     </span>
     <span class='ocr_line' id='line_1_15' title="bbox 258 1571 1358 1651; baseline -0.002 -21"><span class='ocrx_word' id='word_1_120' title='bbox 258 1575 372 1630; x_wconf 88' lang='lat' dir='ltr'><em>niciosc</em></span> <span class='ocrx_word' id='word_1_121' title='bbox 386 1573 512 1630; x_wconf 88' lang='lat' dir='ltr'><em>consilio</em></span> <span class='ocrx_word' id='word_1_122' title='bbox 528 1571 763 1634; x_wconf 73' lang='lat' dir='ltr'><em>nieditabantur.</em></span> <span class='ocrx_word' id='word_1_123' title='bbox 795 1576 974 1634; x_wconf 83' lang='lat' dir='ltr'><em>Evanuerat</em></span> <span class='ocrx_word' id='word_1_124' title='bbox 988 1575 1125 1651; x_wconf 90' lang='lat' dir='ltr'><em>superior</em></span> <span class='ocrx_word' id='word_1_125' title='bbox 1137 1591 1241 1630; x_wconf 87' lang='lat' dir='ltr'><em>eorum</em></span> <span class='ocrx_word' id='word_1_126' title='bbox 1252 1573 1358 1650; x_wconf 83' lang='lat' dir='ltr'><em>aequi-</em></span> 
     </span>
     <span class='ocr_line' id='line_1_16' title="bbox 259 1656 1360 1739; baseline 0 -26"><span class='ocrx_word' id='word_1_127' title='bbox 259 1666 309 1714; x_wconf 89' lang='lat' dir='ltr'><em>tas</em></span> <span class='ocrx_word' id='word_1_128' title='bbox 326 1666 352 1713; x_wconf 91' lang='lat' dir='ltr'><em>et</em></span> <span class='ocrx_word' id='word_1_129' title='bbox 367 1658 510 1716; x_wconf 79' lang='lat' dir='ltr'><em>iustitia:</em></span> <span class='ocrx_word' id='word_1_130' title='bbox 531 1679 610 1738; x_wconf 85' lang='lat' dir='ltr'><em>quas</em></span> <span class='ocrx_word' id='word_1_131' title='bbox 620 1661 785 1739; x_wconf 82' lang='lat' dir='ltr'><em>praecipue</em></span> <span class='ocrx_word' id='word_1_132' title='bbox 796 1660 923 1718; x_wconf 88' lang='lat' dir='ltr'><em>colentes</em></span> <span class='ocrx_word' id='word_1_133' title='bbox 938 1667 1064 1738; x_wconf 88' lang='lat' dir='ltr'><em>tropaea</em></span> <span class='ocrx_word' id='word_1_134' title='bbox 1079 1656 1208 1715; x_wconf 84' lang='lat' dir='ltr'><em>antebac</em></span> <span class='ocrx_word' id='word_1_135' title='bbox 1221 1658 1360 1714; x_wconf 72' lang='lat' dir='ltr'><em>murima</em></span> 
     </span>
     <span class='ocr_line' id='line_1_17' title="bbox 258 1739 1357 1824; baseline -0.004 -22"><span class='ocrx_word' id='word_1_136' title='bbox 258 1751 444 1815; x_wconf 81' lang='lat' dir='ltr'><em>statuerant,</em></span> <span class='ocrx_word' id='word_1_137' title='bbox 478 1739 552 1800; x_wconf 86' lang='lat' dir='ltr'><em>adeo</em></span> <span class='ocrx_word' id='word_1_138' title='bbox 581 1753 615 1800; x_wconf 90' lang='lat' dir='ltr'><em>ut</em></span> <span class='ocrx_word' id='word_1_139' title='bbox 643 1743 781 1802; x_wconf 87' lang='lat' dir='ltr'><em>civitates</em></span> <span class='ocrx_word' id='word_1_140' title='bbox 801 1753 830 1801; x_wconf 92' lang='lat' dir='ltr'><em>et</em></span> <span class='ocrx_word' id='word_1_141' title='bbox 850 1755 955 1824; x_wconf 79' lang='lat' dir='ltr'><em>gentes</em></span> <span class='ocrx_word' id='word_1_142' title='bbox 980 1744 1062 1802; x_wconf 92' lang='lat' dir='ltr'><em>ultro</em></span> <span class='ocrx_word' id='word_1_143' title='bbox 1089 1739 1259 1800; x_wconf 79' lang='lat' dir='ltr'><em>accederent</em></span> <span class='ocrx_word' id='word_1_144' title='bbox 1280 1741 1357 1798; x_wconf 88' lang='lat' dir='ltr'><em>illis.</em></span> 
     </span>
     <span class='ocr_line' id='line_1_18' title="bbox 261 1823 1358 1909; baseline 0 -26"><span class='ocrx_word' id='word_1_145' title='bbox 261 1825 288 1883; x_wconf 84' lang='lat' dir='ltr'><em>G</em></span> <span class='ocrx_word' id='word_1_146' title='bbox 291 1824 434 1884; x_wconf 88' lang='lat' dir='ltr'><em>liscebant</em></span> <span class='ocrx_word' id='word_1_147' title='bbox 444 1845 533 1902; x_wconf 90' lang='lat' dir='ltr'><em>nunc,</em></span> <span class='ocrx_word' id='word_1_148' title='bbox 547 1847 625 1907; x_wconf 91' lang='lat' dir='ltr'><em>quae</em></span> <span class='ocrx_word' id='word_1_149' title='bbox 632 1829 713 1887; x_wconf 76' lang='lat' dir='ltr'><em>celest</em></span> <span class='ocrx_word' id='word_1_150' title='bbox 726 1853 741 1888; x_wconf 84' lang='lat' dir='ltr'><em>e</em></span> <span class='ocrx_word' id='word_1_151' title='bbox 747 1824 1236 1909; x_wconf 77' lang='lat' dir='ltr'><em>perpendiculo(quenmdmodum</em></span> <span class='ocrx_word' id='word_1_152' title='bbox 1248 1823 1358 1905; x_wconf 89' lang='lat' dir='ltr'><em>aiunt)</em></span> 
     </span>
     <span class='ocr_line' id='line_1_19' title="bbox 259 1909 1360 1992; baseline 0.001 -25"><span class='ocrx_word' id='word_1_153' title='bbox 259 1929 280 1967; x_wconf 91' lang='lat' dir='ltr'><em>a</em></span> <span class='ocrx_word' id='word_1_154' title='bbox 295 1909 462 1970; x_wconf 83' lang='lat' dir='ltr'><em>virtutibus</em></span> <span class='ocrx_word' id='word_1_155' title='bbox 481 1911 546 1970; x_wconf 91' lang='lat' dir='ltr'><em>illis</em></span> <span class='ocrx_word' id='word_1_156' title='bbox 570 1910 704 1990; x_wconf 86' lang='lat' dir='ltr'><em>distant,</em></span> <span class='ocrx_word' id='word_1_157' title='bbox 727 1916 885 1974; x_wconf 88' lang='lat' dir='ltr'><em>iniustitia</em></span> <span class='ocrx_word' id='word_1_158' title='bbox 901 1926 928 1972; x_wconf 92' lang='lat' dir='ltr'><em>et</em></span> <span class='ocrx_word' id='word_1_159' title='bbox 953 1915 1185 1992; x_wconf 80' lang='lat' dir='ltr'><em>intemperantia</em></span> <span class='ocrx_word' id='word_1_160' title='bbox 1207 1909 1360 1970; x_wconf 83' lang='lat' dir='ltr'><em>adversus</em></span> 
     </span>
     <span class='ocr_line' id='line_1_20' title="bbox 259 1992 1360 2079; baseline 0.001 -27"><span class='ocrx_word' id='word_1_161' title='bbox 259 1992 416 2053; x_wconf 80' lang='lat' dir='ltr'><em>subditos:</em></span> <span class='ocrx_word' id='word_1_162' title='bbox 436 2017 530 2076; x_wconf 89' lang='lat' dir='ltr'><em>neque</em></span> <span class='ocrx_word' id='word_1_163' title='bbox 543 2017 652 2056; x_wconf 88' lang='lat' dir='ltr'><em>ornare</em></span> <span class='ocrx_word' id='word_1_164' title='bbox 669 2009 696 2056; x_wconf 94' lang='lat' dir='ltr'><em>et</em></span> <span class='ocrx_word' id='word_1_165' title='bbox 715 2021 750 2059; x_wconf 77' lang='lat' dir='ltr'><em>eu</em></span> <span class='ocrx_word' id='word_1_166' title='bbox 767 2021 800 2058; x_wconf 89' lang='lat' dir='ltr'><em>re</em></span> <span class='ocrx_word' id='word_1_167' title='bbox 823 2000 962 2079; x_wconf 87' lang='lat' dir='ltr'><em>ipsarum</em></span> <span class='ocrx_word' id='word_1_168' title='bbox 982 1998 1202 2056; x_wconf 80' lang='lat' dir='ltr'><em>administrare</em></span> <span class='ocrx_word' id='word_1_169' title='bbox 1219 1999 1360 2055; x_wconf 86' lang='lat' dir='ltr'><em>civitates</em></span> 
     </span>
     <span class='ocr_line' id='line_1_21' title="bbox 259 2075 1358 2162; baseline 0.005 -27"><span class='ocrx_word' id='word_1_170' title='bbox 259 2075 420 2138; x_wconf 78' lang='lat' dir='ltr'><em>dedititiae</em></span> <span class='ocrx_word' id='word_1_171' title='bbox 427 2125 435 2155; x_wconf 92' lang='lat'><em>,</em></span> <span class='ocrx_word' id='word_1_172' title='bbox 458 2079 512 2140; x_wconf 88' lang='lat' dir='ltr'><em>sed</em></span> <span class='ocrx_word' id='word_1_173' title='bbox 523 2081 655 2162; x_wconf 77' lang='lat' dir='ltr'><em>redigere</em></span> <span class='ocrx_word' id='word_1_174' title='bbox 671 2087 704 2142; x_wconf 89' lang='lat' dir='ltr'><em>in</em></span> <span class='ocrx_word' id='word_1_175' title='bbox 716 2088 890 2146; x_wconf 75' lang='lat' dir='ltr'><em>servitutem</em></span> <span class='ocrx_word' id='word_1_176' title='bbox 909 2095 937 2142; x_wconf 85' lang='lat' dir='ltr'><em>et</em></span> <span class='ocrx_word' id='word_1_177' title='bbox 950 2082 1116 2142; x_wconf 79' lang='lat' dir='ltr'><em>exscindere</em></span> <span class='ocrx_word' id='word_1_178' title='bbox 1129 2083 1358 2141; x_wconf 87' lang='lat' dir='ltr'><em>constituerant.</em></span> 
     </span>
     <span class='ocr_line' id='line_1_22' title="bbox 265 2161 1357 2250; baseline 0.002 -28"><span class='ocrx_word' id='word_1_179' title='bbox 265 2163 480 2242; x_wconf 82' lang='lat' dir='ltr'><em>Conquerentes</em></span> <span class='ocrx_word' id='word_1_180' title='bbox 494 2161 531 2224; x_wconf 89' lang='lat' dir='ltr'><em>de</em></span> <span class='ocrx_word' id='word_1_181' title='bbox 556 2166 688 2228; x_wconf 84' lang='lat' dir='ltr'><em>dominis</em></span> <span class='ocrx_word' id='word_1_182' title='bbox 704 2170 839 2246; x_wconf 86' lang='lat' dir='ltr'><em>incolae,</em></span> <span class='ocrx_word' id='word_1_183' title='bbox 862 2190 949 2250; x_wconf 86' lang='lat' dir='ltr'><em>seque</em></span> <span class='ocrx_word' id='word_1_184' title='bbox 969 2168 1051 2227; x_wconf 84' lang='lat' dir='ltr'><em>nibil</em></span> <span class='ocrx_word' id='word_1_185' title='bbox 1072 2167 1150 2227; x_wconf 84' lang='lat' dir='ltr'><em>mali</em></span> <span class='ocrx_word' id='word_1_186' title='bbox 1172 2169 1357 2224; x_wconf 74' lang='lat' dir='ltr'><em>commisisse</em></span> 
     </span>
     <span class='ocr_line' id='line_1_23' title="bbox 260 2247 1359 2335; baseline 0.003 -30"><span class='ocrx_word' id='word_1_187' title='bbox 260 2247 378 2328; x_wconf 90' lang='lat' dir='ltr'><em>liquido</em></span> <span class='ocrx_word' id='word_1_188' title='bbox 392 2247 636 2329; x_wconf 86' lang='lat' dir='ltr'><em>demonstrantes,</em></span> <span class='ocrx_word' id='word_1_189' title='bbox 652 2252 734 2314; x_wconf 84' lang='lat' dir='ltr'><em>nibil</em></span> <span class='ocrx_word' id='word_1_190' title='bbox 745 2254 881 2334; x_wconf 87' lang='lat' dir='ltr'><em>amplius</em></span> <span class='ocrx_word' id='word_1_191' title='bbox 886 2253 1096 2335; x_wconf 85' lang='lat' dir='ltr'><em>proficiebant,</em></span> <span class='ocrx_word' id='word_1_192' title='bbox 1112 2273 1206 2331; x_wconf 90' lang='lat' dir='ltr'><em>quam</em></span> <span class='ocrx_word' id='word_1_193' title='bbox 1217 2257 1253 2310; x_wconf 89' lang='lat' dir='ltr'><em>ut</em></span> <span class='ocrx_word' id='word_1_194' title='bbox 1264 2262 1359 2309; x_wconf 75' lang='lat' dir='ltr'><em>naute</em></span> 
     </span>
     <span class='ocr_line' id='line_1_24' title="bbox 260 2333 1359 2417; baseline 0.003 -26"><span class='ocrx_word' id='word_1_195' title='bbox 260 2353 321 2392; x_wconf 90' lang='lat' dir='ltr'><em>non</em></span> <span class='ocrx_word' id='word_1_196' title='bbox 336 2333 536 2412; x_wconf 75' lang='lat' dir='ltr'><em>afficerentur.</em></span> <span class='ocrx_word' id='word_1_197' title='bbox 575 2339 632 2399; x_wconf 85' lang='lat' dir='ltr'><em>Vis</em></span> <span class='ocrx_word' id='word_1_198' title='bbox 644 2342 793 2400; x_wconf 87' lang='lat' dir='ltr'><em>nimirum</em></span> <span class='ocrx_word' id='word_1_199' title='bbox 807 2350 898 2400; x_wconf 85' lang='lat' dir='ltr'><em>tanta</em></span> <span class='ocrx_word' id='word_1_200' title='bbox 913 2339 1063 2398; x_wconf 88' lang='lat' dir='ltr'><em>malorum</em></span> <span class='ocrx_word' id='word_1_201' title='bbox 1075 2341 1241 2417; x_wconf 77' lang='lat' dir='ltr'><em>ingruerat,</em></span> <span class='ocrx_word' id='word_1_202' title='bbox 1264 2347 1299 2394; x_wconf 91' lang='lat' dir='ltr'><em>ut</em></span> <span class='ocrx_word' id='word_1_203' title='bbox 1309 2359 1359 2394; x_wconf 80' lang='lat' dir='ltr'><em>res</em></span> 
     </span>
     <span class='ocr_line' id='line_1_25' title="bbox 259 2415 1359 2505; baseline 0.002 -28"><span class='ocrx_word' id='word_1_204' title='bbox 259 2415 412 2479; x_wconf 75' lang='lat' dir='ltr'><em>humanae</em></span> <span class='ocrx_word' id='word_1_205' title='bbox 427 2424 519 2500; x_wconf 85' lang='lat' dir='ltr'><em>quasi</em></span> <span class='ocrx_word' id='word_1_206' title='bbox 531 2428 626 2483; x_wconf 88' lang='lat' dir='ltr'><em>ruina</em></span> <span class='ocrx_word' id='word_1_207' title='bbox 643 2434 700 2484; x_wconf 90' lang='lat' dir='ltr'><em>aut</em></span> <span class='ocrx_word' id='word_1_208' title='bbox 716 2429 864 2505; x_wconf 79' lang='lat' dir='ltr'><em>voragine</em></span> <span class='ocrx_word' id='word_1_209' title='bbox 886 2426 994 2503; x_wconf 87' lang='lat' dir='ltr'><em>aliqua</em></span> <span class='ocrx_word' id='word_1_210' title='bbox 1015 2426 1175 2503; x_wconf 89' lang='lat' dir='ltr'><em>inopinata</em></span> <span class='ocrx_word' id='word_1_211' title='bbox 1199 2443 1237 2481; x_wconf 89' lang='lat' dir='ltr'><em>ac</em></span> <span class='ocrx_word' id='word_1_212' title='bbox 1256 2423 1359 2498; x_wconf 84' lang='lat' dir='ltr'><em>fatali</em></span> 
     </span>
     <span class='ocr_line' id='line_1_26' title="bbox 253 2504 1359 2587; baseline 0.005 -26"><span class='ocrx_word' id='word_1_213' title='bbox 253 2504 413 2582; x_wconf 85' lang='lat' dir='ltr'><em>perculsae</em></span> <span class='ocrx_word' id='word_1_214' title='bbox 431 2506 612 2587; x_wconf 84' lang='lat' dir='ltr'><em>obrutaeque</em></span> <span class='ocrx_word' id='word_1_215' title='bbox 624 2509 807 2571; x_wconf 84' lang='lat' dir='ltr'><em>leorrendum</em></span> <span class='ocrx_word' id='word_1_216' title='bbox 831 2514 865 2569; x_wconf 93' lang='lat' dir='ltr'><em>in</em></span> <span class='ocrx_word' id='word_1_217' title='bbox 889 2508 1013 2569; x_wconf 88' lang='lat' dir='ltr'><em>modum</em></span> <span class='ocrx_word' id='word_1_218' title='bbox 1030 2508 1214 2568; x_wconf 78' lang='lat' dir='ltr'><em>viderentur.</em></span> <span class='ocrx_word' id='word_1_219' title='bbox 1254 2508 1359 2587; x_wconf 69' lang='lat' dir='ltr'><em>Erant</em></span> 
     </span>
     <span class='ocr_line' id='line_1_27' title="bbox 259 2588 1358 2675; baseline 0.004 -30"><span class='ocrx_word' id='word_1_220' title='bbox 259 2590 416 2649; x_wconf 78' lang='lat' dir='ltr'><em>exinanita</em></span> <span class='ocrx_word' id='word_1_221' title='bbox 429 2588 602 2651; x_wconf 79' lang='lat' dir='ltr'><em>luminibus</em></span> <span class='ocrx_word' id='word_1_222' title='bbox 616 2594 729 2673; x_wconf 89' lang='lat' dir='ltr'><em>oppida</em></span> <span class='ocrx_word' id='word_1_223' title='bbox 740 2596 816 2675; x_wconf 88' lang='lat' dir='ltr'><em>plus</em></span> <span class='ocrx_word' id='word_1_224' title='bbox 832 2597 875 2672; x_wconf 85' lang='lat' dir='ltr'><em>X,</em></span> <span class='ocrx_word' id='word_1_225' title='bbox 891 2597 973 2675; x_wconf 80' lang='lat' dir='ltr'><em>pagi</em></span> <span class='ocrx_word' id='word_1_226' title='bbox 983 2595 1076 2673; x_wconf 80' lang='lat' dir='ltr'><em>plane</em></span> <span class='ocrx_word' id='word_1_227' title='bbox 1094 2594 1204 2653; x_wconf 80' lang='lat' dir='ltr'><em>deserti</em></span> <span class='ocrx_word' id='word_1_228' title='bbox 1220 2610 1280 2650; x_wconf 87' lang='lat' dir='ltr'><em>non</em></span> <span class='ocrx_word' id='word_1_229' title='bbox 1295 2594 1358 2649; x_wconf 88' lang='lat' dir='ltr'><em>mi·</em></span> 
     </span>
     <span class='ocr_line' id='line_1_28' title="bbox 260 2676 1359 2759; baseline 0.003 -28"><span class='ocrx_word' id='word_1_230' title='bbox 260 2694 317 2731; x_wconf 88' lang='lat' dir='ltr'><em>nus</em></span> <span class='ocrx_word' id='word_1_231' title='bbox 328 2676 517 2754; x_wconf 75' lang='lat' dir='ltr'><em>quingentis:</em></span> <span class='ocrx_word' id='word_1_232' title='bbox 539 2681 712 2739; x_wconf 77' lang='lat' dir='ltr'><em>vicinitates</em></span> <span class='ocrx_word' id='word_1_233' title='bbox 726 2679 855 2759; x_wconf 88' lang='lat' dir='ltr'><em>denique</em></span> <span class='ocrx_word' id='word_1_234' title='bbox 869 2691 896 2737; x_wconf 89' lang='lat' dir='ltr'><em>et</em></span> <span class='ocrx_word' id='word_1_235' title='bbox 908 2680 1040 2759; x_wconf 80' lang='lat' dir='ltr'><em>oorestnia</em></span> <span class='ocrx_word' id='word_1_236' title='bbox 1055 2688 1162 2738; x_wconf 87' lang='lat' dir='ltr'><em>nostra</em></span> <span class='ocrx_word' id='word_1_237' title='bbox 1179 2678 1261 2738; x_wconf 75' lang='lat' dir='ltr'><em>velut</em></span> <span class='ocrx_word' id='word_1_238' title='bbox 1281 2690 1359 2735; x_wconf 87' lang='lat' dir='ltr'><em>tem·</em></span> 
     </span>
     <span class='ocr_line' id='line_1_29' title="bbox 254 2760 1359 2843; baseline 0.005 -30"><span class='ocrx_word' id='word_1_239' title='bbox 254 2768 374 2836; x_wconf 85' lang='lat' dir='ltr'><em>pestate</em></span> <span class='ocrx_word' id='word_1_240' title='bbox 389 2760 607 2824; x_wconf 73' lang='lat' dir='ltr'><em>obruebantur:</em></span> <span class='ocrx_word' id='word_1_241' title='bbox 628 2767 746 2825; x_wconf 85' lang='lat' dir='ltr'><em>incolae</em></span> <span class='ocrx_word' id='word_1_242' title='bbox 769 2767 952 2840; x_wconf 87' lang='lat' dir='ltr'><em>innocentes,</em></span> <span class='ocrx_word' id='word_1_243' title='bbox 977 2768 1083 2843; x_wconf 82' lang='lat' dir='ltr'><em>pactis</em></span> <span class='ocrx_word' id='word_1_244' title='bbox 1102 2766 1216 2823; x_wconf 77' lang='lat' dir='ltr'><em>uastis</em></span> <span class='ocrx_word' id='word_1_245' title='bbox 1237 2760 1359 2837; x_wconf 68' lang='lat' dir='ltr'><em>madai,</em></span> 
     </span>
     <span class='ocr_line' id='line_1_30' title="bbox 260 2842 1359 2931; baseline 0.004 -32"><span class='ocrx_word' id='word_1_246' title='bbox 260 2842 403 2903; x_wconf 84' lang='lat' dir='ltr'><em>manibus</em></span> <span class='ocrx_word' id='word_1_247' title='bbox 414 2844 672 2907; x_wconf 88' lang='lat' dir='ltr'><em>obtruncabantur</em></span> <span class='ocrx_word' id='word_1_248' title='bbox 681 2846 859 2931; x_wconf 80' lang='lat' dir='ltr'><em>gladiisque</em></span> <span class='ocrx_word' id='word_1_249' title='bbox 870 2850 1042 2909; x_wconf 77' lang='lat' dir='ltr'><em>hostilibus.</em></span> <span class='ocrx_word' id='word_1_250' title='bbox 1067 2847 1127 2931; x_wconf 82' lang='grc' dir='ltr'>(ΙΙ.)</span> <span class='ocrx_word' id='word_1_251' title='bbox 1135 2846 1298 2908; x_wconf 79' lang='lat' dir='ltr'><em>Eiusmodi</em></span> <span class='ocrx_word' id='word_1_252' title='bbox 1305 2870 1359 2927; x_wconf 89' lang='lat' dir='ltr'><em>pc-</em></span> 
     </span>
     <span class='ocr_line' id='line_1_31' title="bbox 259 2931 1361 3012; baseline 0.006 -29"><span class='ocrx_word' id='word_1_253' title='bbox 259 2936 348 3003; x_wconf 87' lang='lat' dir='ltr'><em>stem,</em></span> <span class='ocrx_word' id='word_1_254' title='bbox 375 2935 541 3007; x_wconf 76' lang='lat' dir='ltr'><em>generatim</em></span> <span class='ocrx_word' id='word_1_255' title='bbox 563 2955 663 2995; x_wconf 88' lang='lat' dir='ltr'><em>omnes</em></span> <span class='ocrx_word' id='word_1_256' title='bbox 683 2940 788 2995; x_wconf 83' lang='lat' dir='ltr'><em>misere</em></span> <span class='ocrx_word' id='word_1_257' title='bbox 806 2938 1046 3010; x_wconf 87' lang='lat' dir='ltr'><em>conculcantem,</em></span> <span class='ocrx_word' id='word_1_258' title='bbox 1074 2955 1143 2992; x_wconf 88' lang='lat' dir='ltr'><em>cum</em></span> <span class='ocrx_word' id='word_1_259' title='bbox 1162 2931 1361 3012; x_wconf 84' lang='lat' dir='ltr'><em>aliquamdiu</em></span> 
     </span>
     <span class='ocr_line' id='line_1_32' title="bbox 256 3014 1361 3099; baseline 0.005 -30"><span class='ocrx_word' id='word_1_260' title='bbox 256 3032 312 3091; x_wconf 85' lang='lat' dir='ltr'><em>per</em></span> <span class='ocrx_word' id='word_1_261' title='bbox 324 3014 460 3089; x_wconf 83' lang='lat' dir='ltr'><em>infelices</em></span> <span class='ocrx_word' id='word_1_262' title='bbox 472 3023 669 3081; x_wconf 86' lang='lat' dir='ltr'><em>conterminos</em></span> <span class='ocrx_word' id='word_1_263' title='bbox 677 3034 796 3080; x_wconf 85' lang='lat' dir='ltr'><em>nostros</em></span> <span class='ocrx_word' id='word_1_264' title='bbox 809 3020 1039 3095; x_wconf 87' lang='lat' dir='ltr'><em>obambulasset,</em></span> <span class='ocrx_word' id='word_1_265' title='bbox 1051 3030 1203 3099; x_wconf 86' lang='lat' dir='ltr'><em>postremo</em></span> <span class='ocrx_word' id='word_1_266' title='bbox 1216 3016 1262 3075; x_wconf 85' lang='lat' dir='ltr'><em>ad</em></span> <span class='ocrx_word' id='word_1_267' title='bbox 1267 3040 1361 3097; x_wconf 88' lang='lat' dir='ltr'><em>prae-</em></span> 
     </span>
     <span class='ocr_line' id='line_1_33' title="bbox 261 3086 1362 3184; baseline 0.007 -32"><span class='ocrx_word' id='word_1_268' title='bbox 261 3094 376 3155; x_wconf 87' lang='lat' dir='ltr'><em>sidium</em></span> <span class='ocrx_word' id='word_1_269' title='bbox 388 3120 484 3159; x_wconf 83' lang='lat' dir='ltr'><em>meuen</em></span> <span class='ocrx_word' id='word_1_270' title='bbox 499 3124 617 3183; x_wconf 89' lang='lat' dir='ltr'><em>quoque</em></span> <span class='ocrx_word' id='word_1_271' title='bbox 624 3086 760 3183; x_wconf 75' lang='lat' dir='ltr'><em>fortunii</em></span> <span class='ocrx_word' id='word_1_272' title='bbox 773 3108 886 3184; x_wconf 84' lang='lat' dir='ltr'><em>infesto</em></span> <span class='ocrx_word' id='word_1_273' title='bbox 901 3102 1038 3165; x_wconf 81' lang='lat' dir='ltr'><em>adduxit.</em></span> <span class='ocrx_word' id='word_1_274' title='bbox 1084 3106 1187 3183; x_wconf 84' lang='lat' dir='ltr'><em>Quam</em></span> <span class='ocrx_word' id='word_1_275' title='bbox 1202 3106 1279 3183; x_wconf 86' lang='lat' dir='ltr'><em>quia</em></span> <span class='ocrx_word' id='word_1_276' title='bbox 1294 3105 1362 3161; x_wconf 87' lang='lat' dir='ltr'><em>iam</em></span> 
     </span>
     <span class='ocr_line' id='line_1_34' title="bbox 261 3178 1360 3271; baseline 0.008 -36"><span class='ocrx_word' id='word_1_277' title='bbox 261 3178 392 3237; x_wconf 82' lang='lat' dir='ltr'><em>antelmo</em></span> <span class='ocrx_word' id='word_1_278' title='bbox 405 3204 487 3241; x_wconf 86' lang='lat' dir='ltr'><em>eram</em></span> <span class='ocrx_word' id='word_1_279' title='bbox 499 3191 624 3264; x_wconf 83' lang='lat' dir='ltr'><em>veritus,</em></span> <span class='ocrx_word' id='word_1_280' title='bbox 643 3193 676 3249; x_wconf 88' lang='lat' dir='ltr'><em>in</em></span> <span class='ocrx_word' id='word_1_281' title='bbox 691 3210 806 3271; x_wconf 73' lang='lat' dir='ltr'><em>magna</em></span> <span class='ocrx_word' id='word_1_282' title='bbox 821 3212 896 3250; x_wconf 78' lang='lat' dir='ltr'><em>cura</em></span> <span class='ocrx_word' id='word_1_283' title='bbox 911 3191 1063 3267; x_wconf 79' lang='lat' dir='ltr'><em>versabar,</em></span> <span class='ocrx_word' id='word_1_284' title='bbox 1084 3212 1122 3249; x_wconf 89' lang='lat' dir='ltr'><em>ne</em></span> <span class='ocrx_word' id='word_1_285' title='bbox 1134 3189 1284 3248; x_wconf 87' lang='lat' dir='ltr'><em>accideret</em></span> <span class='ocrx_word' id='word_1_286' title='bbox 1298 3192 1360 3245; x_wconf 89' lang='lat' dir='ltr'><em>im·</em></span> 
     </span>
     <span class='ocr_line' id='line_1_35' title="bbox 256 3266 1360 3352; baseline 0.011 -33"><span class='ocrx_word' id='word_1_287' title='bbox 256 3266 391 3342; x_wconf 78' lang='lat' dir='ltr'><em>prouisa,</em></span> <span class='ocrx_word' id='word_1_288' title='bbox 406 3288 458 3324; x_wconf 88' lang='lat' dir='ltr'><em>nec</em></span> <span class='ocrx_word' id='word_1_289' title='bbox 471 3269 581 3329; x_wconf 89' lang='lat' dir='ltr'><em>latente</em></span> <span class='ocrx_word' id='word_1_290' title='bbox 587 3276 700 3352; x_wconf 87' lang='lat' dir='ltr'><em>impetu</em></span> <span class='ocrx_word' id='word_1_291' title='bbox 715 3279 856 3335; x_wconf 86' lang='lat' dir='ltr'><em>continuo</em></span> <span class='ocrx_word' id='word_1_292' title='bbox 871 3298 917 3335; x_wconf 91' lang='lat' dir='ltr'><em>res</em></span> <span class='ocrx_word' id='word_1_293' title='bbox 927 3287 1049 3335; x_wconf 87' lang='lat' dir='ltr'><em>nostras</em></span> <span class='ocrx_word' id='word_1_294' title='bbox 1063 3286 1207 3345; x_wconf 78' lang='lat' dir='ltr'><em>everteret.</em></span> <span class='ocrx_word' id='word_1_295' title='bbox 1229 3270 1360 3349; x_wconf 84' lang='lat' dir='ltr'><em>Deinde,</em></span> 
     </span>
     <span class='ocr_line' id='line_1_36' title="bbox 262 3346 1359 3441; baseline 0.01 -36"><span class='ocrx_word' id='word_1_296' title='bbox 262 3346 316 3407; x_wconf 87' lang='lat' dir='ltr'><em>ubi</em></span> <span class='ocrx_word' id='word_1_297' title='bbox 324 3354 521 3428; x_wconf 86' lang='lat' dir='ltr'><em>perspicuum</em></span> <span class='ocrx_word' id='word_1_298' title='bbox 534 3354 642 3415; x_wconf 88' lang='lat' dir='ltr'><em>aderat</em></span> <span class='ocrx_word' id='word_1_299' title='bbox 656 3361 849 3439; x_wconf 85' lang='lat' dir='ltr'><em>periculum,</em></span> <span class='ocrx_word' id='word_1_300' title='bbox 870 3370 1029 3441; x_wconf 74' lang='lat' dir='ltr'><em>omnesqui</em></span> <span class='ocrx_word' id='word_1_301' title='bbox 1038 3360 1149 3440; x_wconf 87' lang='lat' dir='ltr'><em>palam</em></span> <span class='ocrx_word' id='word_1_302' title='bbox 1158 3359 1359 3435; x_wconf 87' lang='lat' dir='ltr'><em>fatebantur,</em></span> 
     </span>
     <span class='ocr_line' id='line_1_37' title="bbox 263 3432 1360 3525; baseline 0.011 -36"><span class='ocrx_word' id='word_1_303' title='bbox 263 3433 297 3490; x_wconf 87' lang='lat' dir='ltr'><em>in</em></span> <span class='ocrx_word' id='word_1_304' title='bbox 312 3432 472 3499; x_wconf 83' lang='lat' dir='ltr'><em>discrimen</em></span> <span class='ocrx_word' id='word_1_305' title='bbox 486 3460 541 3497; x_wconf 76' lang='lat' dir='ltr'><em>rios</em></span> <span class='ocrx_word' id='word_1_306' title='bbox 551 3444 633 3501; x_wconf 80' lang='lat' dir='ltr'><em>vitae</em></span> <span class='ocrx_word' id='word_1_307' title='bbox 649 3448 778 3518; x_wconf 88' lang='lat' dir='ltr'><em>uenisse,</em></span> <span class='ocrx_word' id='word_1_308' title='bbox 800 3466 853 3523; x_wconf 79' lang='lat' dir='ltr'><em>ego</em></span> <span class='ocrx_word' id='word_1_309' title='bbox 867 3454 942 3502; x_wconf 90' lang='lat' dir='ltr'><em>tunc</em></span> <span class='ocrx_word' id='word_1_310' title='bbox 957 3444 1079 3525; x_wconf 89' lang='lat' dir='ltr'><em>quidem</em></span> <span class='ocrx_word' id='word_1_311' title='bbox 1088 3447 1252 3525; x_wconf 88' lang='lat' dir='ltr'><em>perniciem</em></span> <span class='ocrx_word' id='word_1_312' title='bbox 1264 3464 1360 3523; x_wconf 87' lang='lat' dir='ltr'><em>quam</em></span> 
     </span>
     <span class='ocr_line' id='line_1_38' title="bbox 262 3520 1361 3611; baseline 0.005 -30"><span class='ocrx_word' id='word_1_313' title='bbox 262 3520 418 3596; x_wconf 66' lang='lat' dir='ltr'><em>aptissime</em></span> <span class='ocrx_word' id='word_1_314' title='bbox 426 3534 565 3601; x_wconf 86' lang='lat' dir='ltr'><em>poteram</em></span> <span class='ocrx_word' id='word_1_315' title='bbox 577 3530 686 3607; x_wconf 84' lang='lat' dir='ltr'><em>repuli,</em></span> <span class='ocrx_word' id='word_1_316' title='bbox 710 3532 853 3611; x_wconf 87' lang='lat' dir='ltr'><em>quamvis</em></span> <span class='ocrx_word' id='word_1_317' title='bbox 861 3533 898 3589; x_wconf 86' lang='lat' dir='ltr'><em>&#39;in</em></span> <span class='ocrx_word' id='word_1_318' title='bbox 913 3542 1076 3589; x_wconf 78' lang='lat' dir='ltr'><em>extremum</em></span> <span class='ocrx_word' id='word_1_319' title='bbox 1082 3551 1180 3611; x_wconf 85' lang='lat' dir='ltr'><em>poene</em></span> <span class='ocrx_word' id='word_1_320' title='bbox 1187 3530 1361 3607; x_wconf 83' lang='lat' dir='ltr'><em>periculum</em></span> 
     </span>
     <span class='ocr_line' id='line_1_39' title="bbox 262 3600 1361 3695; baseline 0.011 -36"><span class='ocrx_word' id='word_1_321' title='bbox 262 3600 424 3667; x_wconf 85' lang='lat' dir='ltr'><em>adductus.</em></span> <span class='ocrx_word' id='word_1_322' title='bbox 471 3610 583 3671; x_wconf 89' lang='lat' dir='ltr'><em>Verum</em></span> <span class='ocrx_word' id='word_1_323' title='bbox 599 3612 669 3675; x_wconf 85' lang='lat' dir='ltr'><em>inde</em></span> <span class='ocrx_word' id='word_1_324' title='bbox 683 3616 825 3695; x_wconf 86' lang='lat' dir='ltr'><em>abruptis</em></span> <span class='ocrx_word' id='word_1_325' title='bbox 843 3620 1027 3675; x_wconf 87' lang='lat' dir='ltr'><em>commerciis</em></span> <span class='ocrx_word' id='word_1_326' title='bbox 1042 3616 1154 3675; x_wconf 87' lang='lat' dir='ltr'><em>bellum</em></span> <span class='ocrx_word' id='word_1_327' title='bbox 1166 3618 1243 3673; x_wconf 89' lang='lat' dir='ltr'><em>inter</em></span> <span class='ocrx_word' id='word_1_328' title='bbox 1262 3636 1318 3673; x_wconf 91' lang='lat' dir='ltr'><em>nos</em></span> <span class='ocrx_word' id='word_1_329' title='bbox 1331 3625 1361 3671; x_wconf 91' lang='lat' dir='ltr'><em>et</em></span> 
     </span>
     <span class='ocr_line' id='line_1_40' title="bbox 259 3684 1360 3781; baseline 0.009 -34"><span class='ocrx_word' id='word_1_330' title='bbox 259 3684 407 3749; x_wconf 85' lang='lat' dir='ltr'><em>barbaros</em></span> <span class='ocrx_word' id='word_1_331' title='bbox 420 3704 519 3753; x_wconf 86' lang='lat' dir='ltr'><em>ortum</em></span> <span class='ocrx_word' id='word_1_332' title='bbox 532 3708 585 3775; x_wconf 89' lang='lat' dir='ltr'><em>est,</em></span> <span class='ocrx_word' id='word_1_333' title='bbox 607 3701 640 3757; x_wconf 89' lang='lat' dir='ltr'><em>in</em></span> <span class='ocrx_word' id='word_1_334' title='bbox 655 3722 713 3781; x_wconf 89' lang='lat' dir='ltr'><em>quo</em></span> <span class='ocrx_word' id='word_1_335' title='bbox 725 3722 818 3781; x_wconf 81' lang='lat' dir='ltr'><em>neque</em></span> <span class='ocrx_word' id='word_1_336' title='bbox 831 3702 1095 3761; x_wconf 88' lang='lat' dir='ltr'><em>communicabant</em></span> <span class='ocrx_word' id='word_1_337' title='bbox 1106 3701 1241 3780; x_wconf 83' lang='lat' dir='ltr'><em>amplius</em></span> <span class='ocrx_word' id='word_1_338' title='bbox 1254 3700 1360 3758; x_wconf 87' lang='lat' dir='ltr'><em>nobis·</em></span> 
     </span>
     <span class='ocr_line' id='line_1_41' title="bbox 263 3771 1361 3867; baseline 0.013 -39"><span class='ocrx_word' id='word_1_339' title='bbox 263 3790 334 3829; x_wconf 90' lang='lat' dir='ltr'><em>cum</em></span> <span class='ocrx_word' id='word_1_340' title='bbox 349 3771 485 3854; x_wconf 85' lang='lat' dir='ltr'><em>(tametsi</em></span> <span class='ocrx_word' id='word_1_341' title='bbox 497 3786 654 3842; x_wconf 83' lang='lat' dir='ltr'><em>sexcenties</em></span> <span class='ocrx_word' id='word_1_342' title='bbox 671 3784 708 3847; x_wconf 90' lang='lat' dir='ltr'><em>de</em></span> <span class='ocrx_word' id='word_1_343' title='bbox 721 3788 935 3865; x_wconf 86' lang='lat' dir='ltr'><em>compositione</em></span> <span class='ocrx_word' id='word_1_344' title='bbox 951 3784 997 3845; x_wconf 81' lang='lat' dir='ltr'><em>ut</em></span> <span class='ocrx_word' id='word_1_345' title='bbox 1007 3788 1076 3845; x_wconf 80' lang='lat' dir='ltr'><em>e&#39;iloe</em></span> <span class='ocrx_word' id='word_1_346' title='bbox 1097 3784 1284 3867; x_wconf 84' lang='lat' dir='ltr'><em>mittebam),</em></span> <span class='ocrx_word' id='word_1_347' title='bbox 1306 3806 1361 3843; x_wconf 81' lang='lat' dir='ltr'><em>esec</em></span> 
     </span>
     <span class='ocr_line' id='line_1_42' title="bbox 263 3859 1359 3954; baseline 0.015 -43"><span class='ocrx_word' id='word_1_348' title='bbox 263 3859 327 3954; x_wconf 73' lang='lat' dir='ltr'><em>sine</em></span> <span class='ocrx_word' id='word_1_349' title='bbox 335 3862 465 3936; x_wconf 86' lang='lat' dir='ltr'><em>praeliis</em></span> <span class='ocrx_word' id='word_1_350' title='bbox 477 3870 592 3929; x_wconf 75' lang='lat' dir='ltr'><em>mutuis</em></span> <span class='ocrx_word' id='word_1_351' title='bbox 607 3890 654 3927; x_wconf 88' lang='lat' dir='ltr'><em>ree</em></span> <span class='ocrx_word' id='word_1_352' title='bbox 670 3882 761 3951; x_wconf 80' lang='lat' dir='ltr'><em>gesta</em></span> <span class='ocrx_word' id='word_1_353' title='bbox 774 3880 826 3929; x_wconf 88' lang='lat' dir='ltr'><em>eet.</em></span> <span class='ocrx_word' id='word_1_354' title='bbox 868 3869 920 3930; x_wconf 87' lang='lat' dir='ltr'><em>lta</em></span> <span class='ocrx_word' id='word_1_355' title='bbox 937 3872 1050 3931; x_wconf 85' lang='lat' dir='ltr'><em>bellum</em></span> <span class='ocrx_word' id='word_1_356' title='bbox 1070 3873 1211 3930; x_wconf 85' lang='lat' dir='ltr'><em>continuo</em></span> <span class='ocrx_word' id='word_1_357' title='bbox 1236 3872 1359 3945; x_wconf 83' lang='lat' dir='ltr'><em>exarsit,</em></span> 
     </span>
     <span class='ocr_line' id='line_1_43' title="bbox 264 3941 1363 4025; baseline 0.005 -19"><span class='ocrx_word' id='word_1_358' title='bbox 264 3941 507 4025; x_wconf 65' lang='lat' dir='ltr'><em>*respondebatque</em></span> <span class='ocrx_word' id='word_1_359' title='bbox 527 3948 638 4012; x_wconf 73' lang='lat' dir='ltr'><em>leienm</em></span> <span class='ocrx_word' id='word_1_360' title='bbox 664 3974 727 4015; x_wconf 91' lang='lat' dir='ltr'><em>non</em></span> <span class='ocrx_word' id='word_1_361' title='bbox 746 3956 976 4015; x_wconf 71' lang='lat' dir='ltr'><em>nannenus</em></span> <span class='ocrx_word' id='word_1_362' title='bbox 995 3978 1016 4015; x_wconf 90' lang='lat' dir='ltr'><em>a</em></span> <span class='ocrx_word' id='word_1_363' title='bbox 1030 4000 1037 4019; x_wconf 91' lang='lat'><strong>.</strong></span> <span class='ocrx_word' id='word_1_364' title='bbox 1053 4000 1061 4015; x_wconf 91' lang='lat'><strong>.</strong></span> <span class='ocrx_word' id='word_1_365' title='bbox 1076 3956 1125 4015; x_wconf 87' lang='lat' dir='ltr'><em>sol</em></span> <span class='ocrx_word' id='word_1_366' title='bbox 1142 3955 1257 4014; x_wconf 87' lang='lat' dir='ltr'><em>aberat.</em></span> <span class='ocrx_word' id='word_1_367' title='bbox 1299 3952 1363 4013; x_wconf 79' lang='lat' dir='ltr'><em>Sed</em></span> 
     </span>
     <span class='ocr_line' id='line_1_44' title="bbox 264 4022 1361 4127; baseline 0.006 -39"><span class='ocrx_word' id='word_1_368' title='bbox 264 4022 396 4127; x_wconf 71' lang='lat' dir='ltr'><em>barbari,</em></span> <span class='ocrx_word' id='word_1_369' title='bbox 419 4045 592 4111; x_wconf 85' lang='lat' dir='ltr'><em>comparato</em></span> <span class='ocrx_word' id='word_1_370' title='bbox 608 4040 709 4117; x_wconf 86' lang='lat' dir='ltr'><em>amplo</em></span> <span class='ocrx_word' id='word_1_371' title='bbox 724 4042 869 4115; x_wconf 76' lang='lat' dir='ltr'><em>exercitu,</em></span> <span class='ocrx_word' id='word_1_372' title='bbox 890 4060 960 4100; x_wconf 88' lang='lat' dir='ltr'><em>cum</em></span> <span class='ocrx_word' id='word_1_373' title='bbox 975 4042 1128 4121; x_wconf 86' lang='lat' dir='ltr'><em>equitibus</em></span> <span class='ocrx_word' id='word_1_374' title='bbox 1148 4040 1361 4118; x_wconf 84' lang='lat' dir='ltr'><em>militibusque</em></span> 
     </span>
     <span class='ocr_line' id='line_1_45' title="bbox 265 4124 1360 4209; baseline 0.014 -42"><span class='ocrx_word' id='word_1_375' title='bbox 265 4128 298 4167; x_wconf 83' lang='grc' dir='ltr'><em>ιιι</em></span> <span class='ocrx_word' id='word_1_376' title='bbox 315 4130 465 4191; x_wconf 72' lang='lat' dir='ltr'><em>regionem</em></span> <span class='ocrx_word' id='word_1_377' title='bbox 480 4127 617 4179; x_wconf 85' lang='lat' dir='ltr'><em>nostram</em></span> <span class='ocrx_word' id='word_1_378' title='bbox 633 4124 824 4204; x_wconf 75' lang='lat' dir='ltr'><em>irruperint,</em></span> <span class='ocrx_word' id='word_1_379' title='bbox 846 4144 902 4185; x_wconf 84' lang='lat' dir='ltr'><em>noe</em></span> <span class='ocrx_word' id='word_1_380' title='bbox 922 4137 1068 4188; x_wconf 86' lang='lat' dir='ltr'><em>momento</em></span> <span class='ocrx_word' id='word_1_381' title='bbox 1091 4136 1299 4209; x_wconf 76' lang='lat' dir='ltr'><em>apugnseum</em></span> <span class='ocrx_word' id='word_1_382' title='bbox 1317 4125 1360 4183; x_wconf 84' lang='lat' dir='ltr'><em>iri</em></span> 
     </span>
    </p>
   </div>
   <div class='ocr_carea' id='block_1_3' title="bbox 297 4290 914 4371">
    <p class='ocr_par' dir='ltr' id='par_1_3' title="bbox 297 4290 914 4371">
     <span class='ocr_line' id='line_1_46' title="bbox 297 4290 914 4371; baseline 0.011 -14"><span class='ocrx_word' id='word_1_383' title='bbox 297 4292 326 4357; x_wconf 74' lang='lat'><em>&#39;)</em></span> <span class='ocrx_word' id='word_1_384' title='bbox 343 4290 377 4347; x_wconf 70' lang='lat' dir='ltr'><em>F»</em></span> <span class='ocrx_word' id='word_1_385' title='bbox 394 4292 509 4355; x_wconf 65' lang='lat' dir='ltr'><em>estibus</em></span> <span class='ocrx_word' id='word_1_386' title='bbox 524 4298 606 4357; x_wconf 79' lang='lat' dir='ltr'><em>voluit</em></span> <span class='ocrx_word' id='word_1_387' title='bbox 622 4300 742 4371; x_wconf 71' lang='grc' dir='ltr'><strong><em>σίιιιιιιι,</em></strong></span> <span class='ocrx_word' id='word_1_388' title='bbox 762 4308 914 4367; x_wconf 70' lang='lat' dir='ltr'><em>tartessus</em></span> 
     </span>
    </p>
   </div>
   <div class='ocr_carea' id='block_1_4' title="bbox 0 0 1488 4850">
    <p class='ocr_par' dir='ltr' id='par_1_4' title="bbox 0 0 1488 4850">
     <span class='ocr_line' id='line_1_47' title="bbox 0 0 1488 4850; baseline 0 0"><span class='ocrx_word' id='word_1_389' title='bbox 0 0 1488 4850; x_wconf 95' lang='lat' dir='ltr'><em> </em></span> 
     </span>
    </p>
   </div>
  </div>
 </body>
</html>
