2959 4850
583 303 841 374 PRAEFATIO.
1177 317 1221 366 xv

116 471 195 544 pter
209 462 351 546 suspicor,
372 461 555 546 exemplaris
571 481 607 530 ea
621 463 674 526 rel
697 483 770 526 casu
784 462 884 546 aliquo
903 465 1060 550 peculini,
1081 469 1132 529 vel
1152 466 1222 529 (Ista

117 582 230 648 epm,
249 567 343 629 fuisse
358 566 464 628 deleta.

204 667 255 728 III.
272 668 446 752 Reliquerst
457 666 550 748 igitur
565 667 769 744 cambotam,
783 687 822 732 ex
837 669 895 730 hac
911 669 973 732 sita
989 669 1129 750 migrans,
1152 691 1222 732 cum

114 767 176 829 alia
193 771 347 851 praeclare
361 771 504 834 inchoata
515 773 609 834 mults
618 818 628 852 ,
649 784 714 836 tum
730 774 896 834 coniectans
905 818 915 851 ,
934 782 973 834 ut
986 773 1122 851 videtur,
1143 775 1221 834 Leo-

112 872 164 934 nis
172 873 325 954 Psellique
338 875 506 936 versionem
518 875 665 941 Latinam.
707 877 768 940 Sed
778 877 831 936 ills
843 875 953 958 priora,
974 875 1078 938 multis
1089 877 1223 956 undique

112 975 147 1034 in
163 973 293 1038 schedas
308 975 436 1040 extincti
448 977 653 1042 insolentibus
668 977 717 1061 (ut
730 979 794 1040 fere
808 977 844 1038 Iit
858 979 893 1040 in
913 979 1099 1040 eruditorum
1113 977 1222 1059 obitu),

113 1077 262 1161 dissipata
276 1091 478 1142 evanuerunt:
498 1081 666 1143 versionem
685 1080 793 1142 Leonis
806 1103 841 1142 ac
860 1082 949 1144 PsoIIi
962 1081 1082 1144 Parisiis
1095 1081 1128 1140 in
1143 1081 1224 1140 aedi·

111 1180 173 1242 bus
188 1183 247 1243 Fr.
259 1182 524 1246 Dominicanorum
535 1185 574 1245 sd
586 1184 666 1248 viam
678 1188 709 1248 8.
717 1183 874 1262 Honorati,
888 1185 941 1245 ubi
954 1185 1016 1247 sits
1032 1185 1121 1244 cessit
1133 1185 1224 1243 Com·

111 1283 255 1359 befisins,
276 1287 389 1348 multos
407 1306 501 1348 annos
522 1295 699 1349 asservatam
723 1307 787 1349 esse
801 1297 934 1364 conant,
962 1288 1084 1367 eiusque
1104 1285 1223 1367 copiam

112 1385 194 1448 viris
207 1387 305 1449 doctis
317 1390 523 1474 compluribus
533 1391 652 1452 Iactum.
695 1389 740 1450 Ita
752 1391 830 1452 varii
844 1390 938 1454 variis
951 1390 1027 1451 Iocis
1041 1409 1104 1449 non
1121 1389 1221 1450 solum

111 1490 299 1553 mentionem
312 1493 449 1555 focerunt
462 1492 588 1572 Leonis,
609 1511 716 1554 verum
726 1492 811 1554 illius
826 1493 991 1572 fragmenta
1007 1492 1129 1573 seriptis
1142 1512 1220 1571 quo·
1238 1503 1268 1559 Ρ.
1286 1507 1307 1558 v
1365 1499 1368 1506 '

113 1613 173 1672 que
188 1595 381 1658 inseruerunt
396 1597 470 1658 suis.
512 1595 603 1658 Velut
616 1597 787 1658 Boudorins
798 1595 907 1678 Impar.
921 1593 1068 1654 Oriental.
1087 1595 1127 1654 ΙΙ.
1146 1595 1219 1661 465.

113 1695 148 1758 C·
167 1697 246 1764 480.
262 1697 436 1766 D.181.B.
458 1705 530 1769 726.
544 1699 579 1762 A.
602 1703 673 1767 728.
687 1701 722 1762 D.
735 1697 905 1776 Ducsngius
926 1715 996 1757 cum
1014 1695 1047 1758 in
1068 1696 1221 1756 Glossario

112 1819 175 1859 nou
194 1819 257 1860 uno
281 1801 366 1881 loco,
386 1813 454 1863 tum
476 1801 601 1864 iunctis
625 1803 665 1863 sd
680 1803 827 1864 Zonarssu
842 1799 946 1867 1699.
961 1800 995 1863 I).
1012 1801 1082 1865 108.
1098 1800 1132 1864 c.
1147 1798 1219 1866 106.
1355 1871 1359 1880 Ι

113 1900 148 1960 I).
173 1907 247 1966 107.
266 1901 301 1962 A.
320 1901 354 1962 I).
371 1903 506 1965 omnium
525 1903 655 1965 maxime
671 1912 771 1964 autem
784 1901 936 1964 Franciso.
949 1900 1055 1980 Psgius
1069 1901 1219 1962 critiam

112 2001 245 2062 Annales
261 2001 386 2064 Beronii
399 2003 450 2066 III·
461 2009 534 2075 878.
543 2007 577 2070 D.
586 2028 653 2066 eam
667 2009 833 2066 versionem
845 2025 935 2085 opero
942 2001 1100 2064 Bernardi
1112 2004 1220 2062 Mons-

107 2105 242 2180 foucom‘
257 2129 279 2164 a
293 2108 456 2185 selectam,
477 2120 506 2168 et
519 2107 625 2194 quoad
633 2111 807 2189 praecipua
821 2110 927 2187 capita
941 2107 1024 2187 (ntor
1037 2105 1134 2186 ipsius
1145 2123 1219 2165 ver-

113 2205 172 2288 bis)
193 2207 379 2290 deecrmtam
397 2233 458 2272 ease
475 2231 663 2288 asseverans,
685 2211 725 2270 ad
746 2209 904 2271 historiam
924 2225 1000 2268 οοοο.
1014 2207 1055 2266 Χ.
1068 2204 1220 2284 vergentis

113 2313 226 2370 certius
249 2311 482 2378 illustrandam.
525 2314 570 2376 Ac
591 2313 728 2395 profecto
751 2312 815 2373 eius
837 2307 1220 2390 fflgmentisreferaitcum

114 2403 283 2473 extremum
296 2421 412 2477 tomum
425 2415 550 2477 tertium
575 2415 711 2478 Critioor.
734 2415 806 2483 878.
830 2413 866 2473 D.
880 2411 953 2479 875.
970 2409 1006 2472 A·
1020 2414 1093 2479 876.
1107 2409 1140 2473 Α.
1153 2419 1219 2472 tum

114 2536 258 2577 exorsum
270 2518 344 2577 tomi
355 2520 456 2598 quarti
469 2519 540 2587 8.B.
549 2524 650 2589 -39,
662 2519 698 2581 A.
720 2516 809 2579 Unde
824 2516 928 2579 ssdom
936 2512 1039 2575 hausit
1050 2513 1220 2595 psrtimqse

113 2620 303 2701 transcripsit
318 2620 513 2683 Sohloeaerus
526 2622 559 2683 in
571 2624 732 2685 Nestoras.
749 2618 918 2681 Russs'ssolss
928 2616 1071 2679 Annales
1087 2618 1122 2674 in
1136 2615 1219 2674 ihrer

116 2722 357 2801 Grundspraclze
376 2744 406 2787 ιι.
421 2746 446 2783 e.
462 2747 500 2785 w.
516 2722 553 2789 V.
573 2726 645 2793 125.
656 2724 692 2793 A.
709 2756 755 2773 -
777 2727 847 2789 177.
865 2722 899 2783 A.
941 2719 1026 2781 Alios
1043 2727 1148 2780 contra
1165 2719 1218 2778 ni-
1318 2718 1323 2729 '

114 2827 207 2886 mium
223 2836 367 2909 quantum
380 2827 545 2906 neglexisse
556 2847 591 2889 es
604 2836 727 2909 questus
740 2832 787 2887 est
801 2823 908 2885 Sarius
922 2822 1077 2883 Onomast.
1090 2820 1130 2881 11.
1146 2821 1217 2887 156.

116 2926 147 2985 C.
166 2928 361 2987 nobilissima
382 2928 442 2986 illa
452 2930 653 3009 fragmenta,
676 2931 773 2989 latine
796 2925 898 2998 edita,
920 2921 1071 3005 quomodo
1089 2920 1219 2983 subinde

113 3028 247 3088 homines
269 3028 422 3108 eruditos,
444 3042 595 3112 tanquam
622 3032 708 3095 Guil.
738 3032 820 3091 Cave
844 3028 960 3091 Hister.
982 3026 1109 3086 litterar.
1134 3024 1219 3085 Scri-

112 3142 208 3211 ptorr.
229 3132 390 3193 ecclesiast.
409 3132 448 3196 II.
475 3140 545 3202 106.
571 3132 607 3196 A.
630 3134 833 3215 inprimisque
852 3129 934 3195 [A.
949 3128 1128 3189 Fabricium
1138 3126 1216 3189 Bibl.

116 3234 164 3295 Gr.
189 3234 240 3296 vt
263 3234 309 3316 [is
331 3236 411 3297 enim
433 3256 523 3299 serus
547 3244 592 3297 est
611 3254 771 3297 numerus:
791 3234 874 3316 apud
884 3232 1017 3293 sixtum
1037 3230 1147 3309 legitur
1160 3228 1214 3309 V.]

114 3336 186 3403 853.
196 3336 230 3398 A.
238 3348 265 3396 et
274 3338 356 3400 XIII.
369 3344 441 3406 788.
453 3339 489 3402 Β.
505 3339 600 3399 latera
605 3342 774 3419 potueriat,
792 3336 970 3417 cogitatione
981 3334 1096 3415 assequi
1106 3352 1138 3393 se
1152 3352 1215 3393 non

113 3458 213 3517 posse.
256 3440 386 3501 Tametsi
402 3442 435 3501 in
452 3440 501 3503 Isis
516 3451 649 3504 erratum
664 3450 709 3503 est
722 3442 818 3524 ipsius
831 3438 924 3501 Samii.
964 3437 1040 3498 Nam
1054 3437 1142 3497 cadat
1154 3436 1215 3496 iam

115 3540 175 3602 eius
196 3540 388 3625 reprehensio
399 3544 434 3604 in
454 3544 644 3624 Fabricium,
665 3544 753 3607 ouius
764 3542 920 3605 volumine
933 3547 1074 3601 nerunt
1086 3538 1215 3601 alterum

114 3645 248 3724 ·.1714,
267 3646 396 3707 sitorum
408 3668 434 3707 s.
451 3652 542 3716 1726.
559 3646 641 3711 Guil.
657 3650 754 3716 Cesso
768 3654 860 3723 οοτῑο,
881 3643 933 3725 qui
946 3641 1068 3724 scripsit
1079 3660 1106 3699 s.
1124 3644 1217 3718 1688,

112 3745 188 3805 vitio
203 3747 310 3829 nequit
321 3750 399 3829 dari,
420 3750 504 3831 quod
514 3758 590 3812 tunc
601 3749 769 3832 ignoravit,
791 3766 867 3829 quae
879 3746 987 3825 Pagius
1002 3745 1136 3811 a1706.
1152 3753 1218 3803 eret

112 3848 256 3914 editurus.
310 3852 369 3912 secl
398 3860 436 3913 ut
458 3860 593 3915 revertar
617 3853 656 3913 ad
672 3851 841 3914 versionem
866 3846 1129 3922 consensionum,
1161 3866 1218 3906 su·
1316 3881 1323 3893 =

112 3950 259 4031 periuisss
274 3972 308 4013 ea
321 3954 445 4017 vitietur
460 3954 604 4037 usquead
619 3964 733 4017 motum
749 3954 957 4037 repentinum.
980 3970 1041 4032 quo
1056 3949 1154 4011 Gallia
1164 3958 1217 4010 to·

112 4061 153 4131 ts,
172 4064 315 4134 ves-gente
328 4057 447 4118 saeculo
461 4058 632 4141 superiore,
654 4060 780 4119 confuse
796 4066 850 4118 ast.
893 4056 980 4115 Tunc
993 4051 1049 4113 iiis
1064 4052 1132 4134 ipss
1143 4073 1216 4134 pro·

112 4154 195 4233 cells,
217 4176 293 4239 quas
306 4158 389 4221 viros
399 4158 507 4223 studiis
523 4182 559 4221 sc
573 4158 717 4221 doctrims
733 4157 980 4241 exquisitionisus
992 4156 1091 4216 claros
1104 4155 1217 4237 partim

113 4254 221 4320 deiecit
240 4258 279 4323 de
296 4270 379 4324 statu
402 4260 500 4343 onmi,
520 4262 632 4347 partim
648 4262 827 4347 praecipites
840 4258 1033 4345 pertmbsvit
1044 4279 1084 4321 ex
1099 4258 1216 4359 patris3
