2959 4850
263 262 341 345 66⁰
447 276 489 350 Ν.
510 278 558 349 Μ.
573 278 779 351 FOGGlNlI
798 279 1143 355 ADNOTATIONES

258 459 377 522 passae
389 448 443 516 est,
455 458 507 499 seu
517 441 668 519 penante,
682 460 753 501 nam
765 436 825 501 hoo
837 439 927 503 stiam
934 460 1025 503 seusu
1033 440 1159 505 vmbtm
1169 438 1262 527 odyn
1274 440 1362 526 apud

263 526 424 607 scriptores
445 525 574 585 Graecos
593 526 733 587 occurrit.

151 660 250 785 bil
267 629 565 777 c...il'..⁷ii'‘lfil
574 630 1119 795 tantustantus?
1120 654 1221 799 'ttt
1222 646 1362 783 ⁰533

262 802 376 885 spurio
398 802 574 883 plerumque
602 821 670 861 cum
682 802 814 880 genitivo
830 804 1022 866 construitur.
1064 806 1193 881 Verum,
1220 806 1361 866 licetra-

262 889 336 965 rius,
357 888 518 967 scriptores
530 884 640 948 Graeci
652 888 853 947 accusativum
868 909 985 967 quoque
998 890 1025 949 ei
1038 890 1188 965 tribuunt,
1211 912 1245 949 ac
1258 889 1361 951 Theo·

262 974 378 1034 dasium
389 972 432 1032 sic
445 970 523 1031 illud
536 974 746 1041 construxisse,
770 984 940 1051 argumento
956 983 1000 1033 est
1015 974 1207 1055 participium
1222 974 1362 1059 πέμπου-

262 1076 335 1136 σαν,
362 1058 443 1139 quod
462 1056 596 1136 alioquin
608 1058 764 1117 emendare
780 1058 851 1117 item
865 1058 1013 1120 debuisset
1027 1060 1192 1120 Cornelius.
1308 1078 1330 1111 r

345 1164 396 1231 51.
421 1164 576 1247 Τρίκογχα]
599 1163 819 1242 Triconchum,
841 1164 922 1245 qnod
939 1174 1001 1224 erat
1015 1165 1188 1226 cubiculum
1199 1166 1231 1225 in
1244 1164 1360 1247 palatio

258 1250 475 1331 Imperatorum
488 1250 585 1308 tribus
601 1250 763 1311 fornicibus
773 1260 977 1325 exstructum,
997 1269 1084 1331 saepe
1102 1264 1266 1311 memorant
1280 1252 1362 1311 scri·

260 1344 365 1417 ptores
382 1334 548 1414 Byzantini,
571 1356 696 1415 qnorum
710 1337 901 1396 auctoritates
913 1337 1005 1395 refert
1021 1336 1237 1395 lla-Fresniua
1250 1337 1281 1396 in
1294 1338 1363 1395 De-

261 1419 424 1499 scriptione
441 1420 715 1502 Constantinopolis
731 1420 915 1481 Christianae
930 1420 980 1481 lib.
996 1422 1033 1480 ll.
1053 1430 1123 1485 sect.
1140 1421 1189 1481 lV.
1206 1442 1287 1481 num.
1305 1426 1361 1487 11.

261 1516 291 1565 et
303 1506 356 1565 lib.
365 1506 413 1565 tv.
427 1505 569 1567 sectVIl.
581 1514 701 1571 namt.
718 1504 829 1567 Verum
844 1507 961 1565 diverso
976 1507 1064 1585 plane
1078 1526 1164 1567 senaa
1176 1506 1235 1566 hoc
1247 1524 1362 1565 nomeu

261 1588 382 1650 adhibet
394 1589 595 1666 Theodosius,
618 1591 670 1671 qui
688 1590 725 1648 ad
739 1610 820 1649 arma
838 1590 916 1651 illud
926 1592 1107 1651 transferens
1124 1590 1290 1651 adhibuisse
1305 1591 1363 1651 vi·-

260 1675 348 1735 dotur
361 1675 400 1734 ad
409 1674 647 1752 significandum,
661 1675 743 1756 quod
758 1676 901 1755 Polybius
916 1676 968 1734 lib.
984 1676 1034 1737 Vl.
1046 1696 1112 1757 pag·
1125 1678 1196 1743 469.
1211 1678 1362 1757 σιδηροῦν

259 1752 368 1839 κόγχον
391 1760 566 1839 appellavit,
588 1760 686 1840 clypei
709 1759 849 1821 nimirum
871 1761 1044 1836 umbonem,
1067 1782 1118 1821 seu
1138 1762 1267 1821 ferreum
1280 1759 1362 1821 illud

261 1843 433 1923 spiculum,
453 1844 536 1923 quod
550 1844 583 1903 in
597 1844 695 1903 medio
711 1844 809 1925 clypei
821 1845 1009 1926 prominebat
1029 1854 1059 1904 et
1081 1854 1145 1905 erat
1165 1846 1361 1923 triangulare.

257 1928 327 1989 Non
343 1928 517 1988 absimiliter
530 1948 603 1989 voce
616 1932 772 2014 τρίκογχον
781 1932 819 1991 ad
831 1930 1015 2009 triangulum
1026 1930 1242 2011 designandum
1250 1928 1362 1991 Graeci

257 2014 438 2075 recentiores
458 2023 595 2079 utuntur.

342 2123 393 2188 63.
415 2116 617 2201 Μιαιφόνων]
638 2120 683 2181 lta
704 2119 823 2197 Codex,
842 2130 873 2181 et
886 2120 930 2181 sio
950 2141 1069 2203 quoque
1081 2122 1119 2183 ad
1135 2142 1218 2184 oram
1232 2120 1362 2203 paginae

258 2206 430 2267 emendavit
445 2206 617 2282 Cornelius,
638 2225 727 2285 quam
744 2206 870 2267 inseruit
884 2207 918 2267 in
931 2216 1018 2267 textu
1036 2228 1099 2267 non
1112 2229 1129 2267 a
1143 2208 1235 2270 veteri
1243 2252 1253 2285 ,
1273 2209 1326 2267 sed
1340 2226 1362 2267 ι

256 2311 339 2353 novo
356 2292 502 2372 scriptore
517 2291 653 2352 vitiatam
668 2310 783 2354 vocem.

343 2403 394 2467 62.
417 2396 555 2480 Πνεῦμα]
578 2394 730 2458 Sichabet
746 2396 857 2472 Codex,
878 2406 908 2460 et
921 2396 964 2458 sic
980 2398 1136 2460 Cornelius
1147 2395 1360 2479 corrigendum

259 2475 433 2559 adnotavit,
455 2483 538 2563 quod
550 2484 627 2543 male
642 2483 826 2564 descriptum
840 2494 1004 2565 occeperat.

363 2607 415 2669 67.
440 2597 498 2665 Ttv
513 2599 633 2682 χιτῶνα]
655 2601 752 2661 Huius
775 2602 868 2661 vestis
891 2601 1081 2680 Moamethis,
1107 2623 1197 2684 quam
1217 2599 1360 2678 religioso

260 2687 347 2746 cultu
364 2687 477 2746 Turcss
495 2696 694 2766 prosequutus
712 2686 842 2746 affirmat
854 2685 1053 2764 Theodosius,
1075 2689 1157 2768 apud
1169 2707 1233 2762 eos,
1254 2685 1360 2764 quide

258 2769 433 2834 Moamcthis
442 2771 504 2831 vita
518 2780 547 2829 et
561 2771 599 2828 de
611 2770 775 2831 Tuscorum
787 2771 971 2850 dogmatibus
982 2773 1137 2852 scripsere,
1151 2771 1234 2832 nulla
1243 2769 1361 2830 mentio

260 2865 315 2917 est.
349 2855 448 2930 Quare
462 2857 512 2916 vel
523 2852 595 2915 huic
607 2857 678 2917 voci
692 2857 835 2916 mendum
851 2857 957 2932 inesse,
973 2859 1021 2916 vel
1034 2858 1093 2917 alio
1104 2876 1202 2932 sensu,
1217 2875 1306 2936 quam
1320 2854 1361 2914 de

258 2951 351 3018 veste,
371 2941 578 3022 explicandam
593 2960 655 3000 esse
667 2942 853 3002 crediderim.
876 2942 1042 3022 Scriptores
1057 2940 1268 3017 Ecclesiastici,
1282 2959 1360 3017 qnos

259 3025 341 3086 inter
357 3025 562 3085 {theodoretus
574 3027 693 3102 Quaest.
704 3027 846 3086 XXXIX.
862 3025 894 3085 in
907 3027 1043 3086 Genesim
1060 3047 1126 3106 pag.
1144 3027 1195 3093 34.
1215 3027 1244 3084 S.
1260 3023 1359 3082 Atha-

258 3111 360 3170 nasius
375 3111 495 3182 Quaest.
511 3112 570 3170 LV.
584 3111 621 3168 ad
633 3111 826 3189 Antiochum,
840 3114 870 3173 S.
884 3113 1044 3190 Gregorius
1056 3113 1259 3172 Nazianzenus
1271 3112 1357 3168 Orat.

258 3195 427 3255 xxxvffl.
442 3213 507 3272 pag·
518 3199 591 3260 619.
613 3205 643 3254 et
654 3197 815 3273 Origenes,
840 3205 914 3257 teste
928 3199 957 3258 S.
970 3195 1138 3277 Epiphanio
1159 3205 1225 3255 tum
1242 3191 1359 3252 haeresi

258 3278 363 3338 LXIV.
385 3299 416 3358 p.
438 3285 515 3354 229,
538 3288 603 3337 turn
626 3278 660 3338 in
678 3280 830 3339 Ancorato
852 3301 918 3361 pag.
931 3281 1010 3356 494,
1034 3282 1070 3342 ds
1083 3280 1194 3340 tunicis
1210 3280 1271 3340 illis
1286 3277 1358 3360 pel-

258 3363 343 3424 liceis
365 3362 560 3440 disserentes,
581 3363 686 3440 quibns
710 3365 805 3423 Adam
827 3374 858 3424 et
882 3365 995 3424 Herum
1011 3365 1086 3426 Deus
1107 3375 1177 3446 post
1198 3373 1358 3444 peccatum

149 3485 153 3501 ·
259 3448 408 3524 contexit,
429 3467 535 3506 vocem
551 3450 677 3526 χιτῶνα,
700 3467 759 3527 qua
773 3469 873 3507 sacrae
886 3449 1012 3527 Paginaa
1028 3459 1158 3511 utuntur
1176 3449 1214 3508 ad
1236 3467 1358 3508 carnem

261 3552 430 3614 corpusque
454 3533 685 3610 designandum,
706 3553 797 3593 sensu
817 3543 895 3594 certe
920 3536 1018 3594 minus
1039 3535 1146 3610 obvio,
1168 3534 1357 3594 transtulere.

259 3619 402 3694 Consule,
430 3617 456 3676 si
478 3617 577 3688 lubet,
599 3637 703 3677 eorum
723 3618 915 3678 auctoritates
942 3619 1023 3700 apud
1043 3622 1201 3679 Suicerum
1222 3617 1253 3678 iu
1274 3615 1358 3677 The-

258 3723 347 3762 sauro
361 3702 578 3762 Ecclesiastico.
620 3702 738 3782 ltaque,
761 3703 836 3784 quid
858 3704 885 3762 si
902 3703 1051 3764 incudem
1071 3725 1159 3764 sensu
1171 3693 1356 3777 Theodosius

256 3807 363 3847 vocem
385 3787 579 3847 adbibueritl
610 3787 726 3868 Corpus
749 3787 1072 3868 profectoMoamcthis
1089 3788 1223 3849 hledinae
1246 3804 1357 3868 super·

258 3881 412 3932 exstructa
424 3872 559 3932 aedicula
573 3874 732 3952 sepultum,
744 3873 786 3932 ita
799 3883 834 3933 ut
847 3895 864 3934 a
879 3875 995 3934 nemine
1012 3875 1107 3955 possit
1123 3873 1266 3953 conspici,
1288 3891 1356 3930 rna-

257 3957 347 4017 ximis
378 3957 422 4016 ibi
449 3977 629 4036 prorsusque
650 3957 758 4018 divinis
780 3960 892 4019 Turcas
921 3959 1061 4048 prosoqpi
1081 3957 1246 4020 honoribus
1273 3953 1355 4036 apud

259 4061 361 4102 omnes
377 4041 577 4121 incomperta
594 4051 647 4101 est.
688 4043 768 4102 ilinc
783 4043 828 4117 fit,
850 4047 932 4123 quod
946 4050 1036 4124 pocta
1048 4043 1173 4104 infames
1187 4043 1276 4103 hosce
1292 4041 1354 4100 cul-

258 4135 341 4187 tores
354 4127 461 4186 merito
473 4128 601 4205 sugillet,
624 4127 676 4205 qui
688 4128 863 4188 Moamethis
878 4149 995 4208 corpus,
1017 4139 1168 4208 tamquam
1192 4127 1261 4209 puri
1282 4145 1354 4184 aaa·

260 4213 360 4291 ctique
372 4211 503 4272 hominis
518 4212 651 4294 spolium
663 4214 881 4274 venerabantur
889 4259 900 4296 ,
922 4215 993 4276 dum
1008 4216 1047 4276 ob
1062 4215 1141 4278 vitas
1154 4215 1300 4274 rationem
1314 4207 1352 4268 ab
