2959 4850
214 312 275 381 DE
293 310 448 381 EXPED.
468 306 556 379 SYl'o
576 308 658 378 Mu
680 307 1108 382 incurvarunt.
1155 304 1231 379 079

141 473 258 557 gladioo
279 473 473 535 minxerunt.
514 466 702 551 Nicephorua
719 467 882 548 drabibuo,
902 469 954 549 qui
966 470 1081 549 ghdioa
1093 472 1233 533 etrinxe-

140 590 229 653 rant‚
253 576 364 653 natus,
382 576 445 643 too
464 572 545 637 viro
569 586 599 637 et
614 576 751 637 murm
769 574 880 637 murto
900 572 1020 635 went
1062 556 1143 647 Qui·
1153 574 1232 636 iou-

141 681 228 743 nium
255 678 506 759 quadragesimale
526 680 834 761 appropinquaverat,
864 673 1052 755 nicophoro·
1072 694 1144 737 curn
1170 678 1233 740 auin

143 785 313 845 &eaareaan
329 780 420 857 abiit,
447 788 518 861 port
533 782 626 844 featoe
646 780 710 845 diea
731 780 895 843 rediturus.
937 776 1088 839 Taraeneie
1101 776 1234 839 Arabum

142 884 224 961 dux,
247 882 360 945 eoactia
373 882 474 961 4000,
496 883 618 947 adortus
631 886 783 946 Romanoa
798 884 900 946 victua
914 888 945 941 et
956 901 1020 942 non
1031 879 1097 962 ipoe
1106 889 1236 960 tontum,

142 986 195 1047 aed
212 1004 314 1046 omnes
334 986 423 1047 etiam
442 985 554 1054 Arabes
570 997 600 1049 et
617 988 710 1049 irater
729 1005 849 1068 quoque
863 983 1016 1046 'l'areenaia
1034 983 1137 1063 ducit,
1157 984 1256 1045 Bar-'

142 1086 264 1165 Rubabi,
286 1088 378 1153 cociti
388 1098 467 1150 eunt.
494 1090 629 1169 Romani,
642 1090 752 1151 iterum
764 1089 899 1150 Ciliciam
913 1086 1054 1167 ingreeai,
1076 1075 1235 1167 eipugna-

142 1200 217 1254 runt
237 1210 336 1253 arcem
355 1190 406 1251 Zin
426 1200 457 1252 et
471 1192 619 1273 praesidio
642 1212 705 1252 non
725 1191 753 1252 ei
770 1201 906 1267 tanturn,
935 1189 990 1251 ned
1005 1190 1127 1270 reliquia
1146 1189 1237 1251 etiena

144 1292 262 1355 ercibur
280 1292 439 1374 imperito,
460 1294 591 1376 profecti
608 1304 679 1355 eunt
696 1294 853 1357 Halebnm.
895 1291 1046 1373 Oppoouit
1057 1312 1089 1353 ee
1102 1291 1237 1374 Siphod·

120 1432 122 1435 -
144 1394 234 1455 daula
247 1394 401 1473 Romania,
417 1396 472 1457 aed
484 1397 585 1457 victui
597 1404 652 1457 aet.
685 1396 864 1459 Ceciderunt
875 1396 963 1458 etiarn
974 1415 1076 1456 omnea
1087 1395 1238 1456 llamdani

143 1494 202 1557 filii
229 1505 259 1556 et
284 1496 353 1577 ipea
376 1496 579 1581 Siphoddaula
604 1518 673 1559 cunr
698 1499 804 1580 paueia
830 1509 949 1561 tantum
980 1500 1099 1561 caedem
1124 1498 1238 1577 affugit.

145 1596 266 1677 subegit
277 1598 463 1663 domesticus
475 1602 575 1663 aulam
587 1601 659 1681 eine,
674 1622 750 1681 quae
762 1612 848 1663 extra
859 1603 946 1664 urbia
957 1622 1076 1663 murum
1089 1600 1148 1660 nita
1162 1610 1237 1677 erat,

144 1702 182 1761 ab
195 1721 288 1781 eaque
300 1721 363 1763 non
375 1712 493 1763 tantum
507 1707 571 1771 390
589 1704 704 1785 argenti
716 1706 845 1785 talenta,
865 1703 1025 1778 aedetiarn
1039 1703 1124 1771 24⁰0
1137 1702 1238 1764 mulce

145 1810 178 1863 et
196 1822 346 1865 armorum
365 1804 520 1867 infinitum
541 1826 698 1867 numerum
718 1807 824 1887 exegit.
866 1807 945 1869 ⁴inlu
964 1808 1104 1884 incenia,
1131 1806 1238 1867 urbem

143 1904 240 1985 ipram
255 1909 456 1987 oppugnavit,
478 1909 511 1971 in
533 1909 617 1969 cuiue
631 1930 717 1970 muro
730 1928 824 1988 quum
836 1918 1007 1989 aperturam
1021 1907 1157 1985 iecisset,
1176 1910 1239 1969 lio-

144 2008 228 2067 mani
238 2010 413 2089 tranegreeai
429 2010 512 2071 oeedi
528 2030 591 2071 non
607 2012 692 2092 priue
708 2010 799 2071 linem
812 2010 974 2087 iecerunt,
984 2030 1073 2090 quem
1088 2010 1241 2090 defatigati

145 2120 239 2174 erent.
280 2112 465 2175 Invenerunt
476 2112 510 2173 in
528 2132 561 2173 ea
581 2118 664 2180 1200
676 2114 827 2173 liomanoe
841 2112 977 2189 vinctor,
1001 2133 1076 2192 quoa
1093 2113 1128 2173 in
1142 2113 1237 2173 liber-

144 2220 237 2273 tatem
256 2214 459 2279 restituerunt.
509 2216 581 2277 Pluo
596 2234 685 2296 quam
707 2217 822 2289 10‚000
838 2231 1002 2293 puerorum
1022 2223 1053 2274 et
1070 2214 1239 2296 puellarum

147 2314 339 2377 abduxerunt
353 2326 384 2378 et
397 2318 657 2399 praeductantum,
670 2325 782 2396 quanto
796 2316 919 2376 ferendo
930 2334 1016 2397 parat
1031 2324 1125 2393 erant,
1133 2336 1242 2396 aepor-

119 2455 124 2472 t
146 2425 257 2483 larunt.
299 2420 390 2495 Quod
409 2420 559 2502 reliquum
578 2428 657 2497 eret,
679 2419 916 2482 combuaooront.
957 2419 1141 2482 Invenerunt
1157 2418 1243 2479 laena

149 2523 215 2582 cleo
236 2523 384 2586 olivarum
403 2525 527 2606 plenoe,
549 2517 624 2604 quoe
644 2543 721 2605 aqna
737 2522 956 2603 impleverunt,
975 2530 1013 2581 nt
1032 2522 1131 2582 oleum
1152 2541 1243 2582 omne

148 2635 357 2706 aupernateret
371 2635 402 2687 et
415 2626 522 2687 deinde
535 2625 567 2686 in
580 2637 690 2686 terram
703 2625 829 2702 ellurum
845 2632 1092 2704 corrumperetur.
1119 2622 1243 2705 Templa

149 2737 339 2809 everterunt,
360 2729 467 2810 quibus
480 2729 666 2791 destruendis
680 2729 810 2790 Romani
821 2745 932 2787 novem
942 2724 1006 2786 diea
1023 2727 1243 2795 ebrumeernnt,

150 2829 253 2904 Quum
274 2831 307 2891 in
319 2853 354 2892 eo
366 2841 475 2910 creent,
493 2841 527 2894 ut
541 2833 674 2912 abirent,
699 2834 815 2894 obotiut
827 2833 938 2897 rororie
951 2833 1033 2894 filiun
1042 2834 1120 2913 regie
1130 2835 1244 2894 ltoma-

25 2925 36 2944 “
150 2932 194 3011 ni,
215 2931 415 3015 Nicephorum
430 2935 461 2996 in
475 2935 588 2996 bellum
604 2944 733 3015 secutus,
756 2937 842 3013 „lion
858 2937 1075 3014 diecedimue,”
1095 2935 1243 3017 inquiena,

151 3035 269 3114 „donec
281 3057 378 3098 arcem
389 3037 620 3121 aperuerimus?
640 3038 1055 3121 Nicephorue,quiadvereeri
1061 3059 1123 3099 non
1135 3050 1245 3121 poreet,

152 3139 248 3220 „En‚’'
270 3141 375 3221 aiebat,
396 3163 470 3220 „an
481 3151 551 3203 ante
562 3153 593 3203 te
609 3152 668 3222 eat,
690 3144 748 3221 abi,
762 3139 942 3223 utcrpiaa.'’
969 3140 1028 3202 llic
1040 3141 1118 3220 regia
1133 3145 1245 3204 eororie

152 3243 233 3304 filiua
245 3243 299 3306 vix
311 3244 387 3306 arcia
399 3256 504 3328 portae
515 3247 818 3328 appropinquaverat,
834 3264 926 3325 quum
933 3244 1005 3325 qnia
1014 3242 1092 3324 lapio
1106 3263 1145 3304 ox
1157 3264 1245 3325 aper·

153 3356 223 3408 tura
235 3367 326 3428 nuper
340 3350 416 3411 arcia
429 3359 517 3432 porta
529 3359 632 3410 contru
645 3349 732 3410 illum
745 3349 898 3430 proiectun
913 3348 995 3430 apud
1005 3367 1075 3408 eum
1085 3346 1245 3424 deciderat,

153 3469 256 3510 averae
269 3450 345 3510 facie
360 3452 447 3532 fugit
487 3455 565 3514 Tum
578 3461 681 3534 aperta
694 3462 783 3535 porta
795 3449 951 3512 Deilarnita
966 3449 1247 3530 quidemsnonn'ne

153 3551 282 3631 Baachu,
304 3555 464 3635 lugientem
478 3566 607 3634 eecutue,
627 3555 744 3616 hastam
758 3557 839 3614 inter
851 3553 993 3613 humeroe
1009 3553 1071 3612 ciue
1081 3552 1124 3611 ita
1137 3550 1248 3630 adegit,

153 3665 189 3716 ut
203 3677 258 3737 per
276 3667 382 3738 pectus
396 3658 514 3736 exiret,
530 3657 632 3720 etheo
647 3659 738 3719 modo
752 3656 911 3718 interemit.
953 3653 1077 3715 Reverti
1096 3653 1159 3714 eine
1174 3651 1249 3712 accii

154 3759 283 3820 cadaver
294 3747 549 3843 ad'lliccphorunr
560 3763 745 3837 retulerunt,
766 3758 820 3840 qui
837 3766 963 3819 monem
976 3756 1034 3816 {ilii
1046 3754 1158 3815 notorie
1168 3752 1248 3832 regie

153 3861 275 3921 ulturna
296 3866 378 3930 1200
397 3865 565 3945 drebibua,
596 3865 647 3944 qui
669 3862 768 3927 vincti
790 3859 872 3943 apud
898 3879 968 3920 eum
994 3857 1248 3932 custodiebantur,

156 3962 256 4044 capita
274 3963 407 4027 abecindi
427 3967 532 4048 iueeit3
559 3989 620 4051 quo
641 3969 722 4028 factu
743 3967 777 4026 in
796 3976 906 4027 eoram
927 3964 1129 4024 Romanorum
1151 3959 1250 4022 rediit.

155 4063 193 4125 ln
209 4065 284 4128 vicie
305 4066 411 4130 llelebi
431 4071 553 4132 omnino
566 4071 644 4132 nihil
658 4069 812 4152 corrupit,
831 4069 895 4129 imo
914 4075 1042 4147 agreotee
1061 4065 1105 4126 ita
1117 4082 1253 4126 comane-

158 4169 243 4229 nuit:
264 4171 328 4247 „Ne
349 4182 460 4234 ceeaate
480 4175 518 4234 ab
535 4174 765 4254 agricolation03
786 4193 856 4233 nam
874 4179 980 4232 nootra
1001 4179 1047 4230 eat
1061 4167 1136 4229 haec
1155 4177 1253 4243 terrai

157 4269 243 4336 brevi
267 4275 306 4336 ad
328 4293 383 4338 voa
410 4275 604 4340 nubimus?
651 4277 724 4374 ¹lioc
743 4287 881 4359 tempora
899 4274 1008 4335 iterum
1030 4271 1114 4333 milla
1138 4266 1261 4376 pedit«.
