2959 4850
388 236 620 310 EXOERPTA
639 237 1147 317 uxflffironnsnssnuvu.
1238 240 1314 322 876
1346 240 1379 281 ’·
1461 303 1467 321 .

222 399 436 481 terprctctioue
448 399 568 462 nullum
583 419 676 483 penes
690 420 739 463 me
757 410 805 463 eat
816 401 978 483 iudicium,
999 424 1312 495 quanquamcompa·

193 528 199 543 ·
220 513 282 581 ret,
306 502 379 563 adeo
399 500 560 563 verborum
578 512 697 565 tenaoeo
716 505 809 566 iiuiiee
826 503 1021 587 interpretor,
1045 516 1080 567 ut
1099 530 1237 575 emmone
1253 536 1312 597 p..

217 624 288 665 rum
303 604 408 665 Latino
422 604 472 663 uei
486 604 564 684 eint3
585 614 715 669 ettamen
731 607 857 670 difficile
876 629 948 670 rene
962 618 1026 689 eat,
1049 610 1169 691 ingenio
1188 616 1309 697 lingua-

214 726 285 769 rum
307 706 506 768 Orientalium
526 710 750 773 accommodare
760 710 896 773 bonnam
911 722 942 775 et
961 733 1171 797 saepenumero
1192 738 1309 799 vereor,

212 827 253 871 ne
264 807 345 871 idem
359 809 440 890 quod
451 829 524 871 mox
534 810 569 873 in
579 812 645 875 eliia
658 812 851 895 occupabam,
873 815 926 876 elii
938 816 972 877 in
983 836 1033 878 me
1053 817 1225 899 configaturi
1237 821 1309 887 eint.
1320 821 1322 824 ’

297 942 553 1026 Abnlpbnraginm
575 948 733 1032 excipiunt
756 959 897 1032 excerpta
912 970 950 1012 ex
963 952 1118 1014 annalibus
1132 955 1309 1031 Abulledae,

214 1066 233 1105 a
241 1046 364 1107 Reiokio
378 1047 482 1109 Latine
492 1050 621 1113 redditio
635 1062 666 1113 et
679 1062 750 1134 poet
763 1054 958 1115 mortemuiri
966 1055 1132 1116 doetioeimi
1147 1065 1177 1117 et
1188 1058 1309 1142 linguae

213 1147 357 1209 Arabicae
371 1150 506 1229 apprime
517 1152 608 1232 periti
619 1154 744 1217 Arabico
756 1165 786 1217 ot
797 1158 902 1218 Latine
916 1157 1004 1218 editio
1016 1157 1054 1218 ab
1069 1159 1094 1222 1.
1105 1160 1142 1222 G.
1153 1160 1187 1223 C.
1196 1159 1305 1240 Adler,

211 1252 380 1333 professore
394 1252 557 1315 Helnienri.
597 1256 692 1317 Notuo
703 1266 747 1317 eat
759 1269 865 1319 auctor
876 1279 974 1340 nequo
985 1260 1124 1320 inetituto
1139 1260 1176 1321 de
1190 1280 1225 1321 ao
1237 1262 1304 1322 dio-

210 1353 367 1435 putatione
383 1362 500 1436 tempua
516 1356 657 1418 obsidebo
678 1358 809 1418 lectorio
836 1360 885 1421 Ex
896 1364 977 1421 notia
991 1361 1157 1421 Reiekienio
1170 1382 1220 1423 eeu
1232 1372 1304 1423 tun-

209 1464 277 1515 tum
291 1456 418 1535 retinui,
441 1476 515 1537 quoe
535 1456 623 1519 rebue
647 1458 847 1522 diluoideudie
867 1461 1064 1540 inservirent,
1085 1464 1207 1543 ceterie,
1228 1482 1305 1547 quae

209 1554 271 1619 buc
283 1578 347 1621 non
360 1559 506 1639 facerent,
528 1560 655 1623 ominis.

293 1694 341 1757 Ex
351 1694 497 1757 Elmacini
511 1696 636 1759 historie
648 1695 825 1757 Saracenica
841 1716 918 1777 quae
931 1716 1156 1780 excerptorum,
1175 1699 1299 1763 omnino

208 1794 312 1875 omiei,
333 1817 426 1878 quum
442 1800 663 1881 comparatione
676 1798 925 1879 fauentium,
945 1800 992 1861 nil
1004 1802 1066 1861 lere
1084 1801 1122 1861 ab
1138 1821 1174 1863 eo
1184 1823 1301 1864 memo-

145 1904 147 1909 ’
206 1896 269 1957 rinc
281 1898 436 1977 proditum
452 1901 557 1981 iniere,
580 1902 664 1983 quod
677 1920 740 1962 non
748 1901 907 1985 {copiosior
920 1912 951 1965 et
963 1903 1071 1965 melius
1082 1902 1142 1965 iam
1154 1904 1301 1967 traditum

204 1998 246 2060 eit
259 2000 295 2059 ab
312 1999 535 2085 Abulplraregio
552 2013 583 2065 et
595 2004 753 2066 Abulledu.

288 2139 403 2200 Ultimo
419 2138 546 2219 denique
559 2142 627 2203 loco
639 2141 746 2203 Latine
758 2140 972 2221 interpretatuo
985 2160 1052 2200 enm
1064 2148 1180 2220 purtem
1192 2136 1298 2217 libelli,

149 2264 151 2267 -
205 2248 276 2301 mo
289 2238 347 2302 uo.
364 2250 434 2301 octo
455 2224 549 2303 aulos
569 2243 644 2306 niu
660 2266 678 2303 a
694 2242 730 2307 v.
746 2242 860 2304 name
880 2242 918 2303 o.
937 2242 992 2304 W.
1011 2243 1185 2320 rreuago,
1206 2238 1296 2318 tngg„

205 2342 332 2407 Orieutt.
351 2344 385 2403 in
397 2344 455 2405 hac
469 2345 627 2407 Academia
640 2348 721 2430 pros.
735 2345 820 2428 publ.
833 2343 941 2421 ordia,
962 2363 1049 2424 quem
1062 2340 1298 2424 linguaeArebi-

203 2466 255 2506 cae
274 2451 499 2528 praeceptorem
519 2449 585 2530 ipae
604 2470 750 2528 ueneror,
771 2449 831 2509 hoc
848 2447 905 2508 oub
927 2446 1035 2512 titulo:
1056 2444 1226 2523 Regiorung
1244 2441 1297 2503 dee

201 2547 498 2610 Saabd-Addaulnzu
509 2549 632 2633 Aleppo.
655 2553 717 2614 Aue
732 2552 814 2614 unet·
820 2548 1003 2610 Arabiecben
1009 2544 1208 2608 Handeobrist
1220 2542 1297 2604 ber·

202 2650 382 2731 anogogeben
402 2670 464 2711 von
484 2653 519 2712 G.
540 2655 588 2714 W.
606 2653 732 2734 Frcitag.
776 2654 889 2712 Textuu
903 2647 1061 2728 Arabicae,
1082 2648 1135 2729 qui
1147 2647 1216 2708 heic
1229 2647 1296 2728 pri·

202 2771 286 2812 mum
310 2751 393 2834 typie
421 2753 589 2834 exscriptus
614 2765 674 2835 eut,
697 2763 858 2836 excerptae
878 2762 924 2838 oct
941 2773 958 2812 e
978 2750 1080 2812 codice
1093 2749 1221 2812 Arabico
1234 2749 1295 2809 Pe·

201 2853 334 2932 tiniensi,
356 2854 441 2916 cuiue
462 2866 578 2938 partem
598 2857 658 2919 iem
679 2867 766 2918 antea
786 2855 902 2938 publici
919 2853 995 2914 iuria
1013 2855 1125 2914 fecerat
1142 2851 1224 2911 idem
1243 2849 1294 2912 vir

200 2954 327 3034 noenu,
348 2955 407 3016 boe
421 2958 534 3019 indicet
556 2959 671 3020 Selecte
689 2978 728 3019 ex
741 2957 870 3019 bietorie
882 2955 1005 3034 Hulebi3
1027 2956 1073 3018 ed
1091 2955 1128 3014 G.
1147 2957 1194 3016 W.
1206 2950 1293 3014 Frui·

199 3066 259 3138 tag.
299 3059 433 3120 Lutetiae
451 3061 644 3123 Parisiorum.
667 3065 760 3128 1819.
800 3057 965 3122 Preemieou
984 3068 1030 3119 eet
1051 3057 1170 3138 copioun
1183 3064 1214 3115 et
1232 3054 1292 3114 bo·

199 3181 256 3222 uae
276 3161 370 3242 frugis
390 3163 479 3244 plena
505 3161 628 3248 editoris
647 3162 807 3242 praelatio,
833 3160 868 3220 in
888 3159 1005 3239 quade
1025 3159 1156 3219 auctoris
1178 3157 1242 3218 vita
1260 3162 1293 3215 et

197 3263 259 3326 lide
278 3265 356 3326 libro
371 3265 432 3326 eiua
450 3264 585 3325 bibenda
598 3273 736 3326 accurate
751 3265 937 3344 disputatum
957 3271 1019 3338 cot;
1040 3261 1181 3322 brevibus
1199 3257 1292 3338 igitur

198 3365 229 3429 b.
247 3369 269 3430 l.
282 3387 346 3428 rem
358 3365 499 3449 expedire
510 3385 643 3446 poenum.
681 3368 776 3428 Natue
790 3375 847 3427 eet*
855 3353 962 3426 auc'tor
976 3385 1055 3424 euno
1073 3362 1206 3422 Arabum
1227 3360 1291 3426 688

197 3469 320 3550 Helebi3
347 3489 458 3532 nomen
480 3468 508 3528 ei
527 3468 587 3530 suit
606 3467 736 3530 Ohmero
755 3467 978 3544 ben-Abmed,
1001 3466 1171 3543 deriguntur
1190 3471 1290 3522 auum
1311 3454 1316 3465 ’
1413 3501 1421 3512 -

197 3573 375 3653 plerumque
394 3570 570 3650 cognomine
590 3571 792 3634 Cemaleddini
815 3565 888 3656 (lb
908 3590 940 3651 p.
965 3565 1121 3650 XXXVI).
1154 3564 1209 3628 Vir
1230 3563 1290 3652 fuit

197 3693 283 3735 rurae
297 3674 466 3750 doctrinae,
488 3671 613 3733 eximiae
626 3672 822 3760 prudentiae,
846 3673 885 3734 ad
904 3693 951 3734 reo
963 3671 1090 3750 agendae
1100 3677 1188 3728 natue
1199 3674 1289 3744 etque

197 3785 305 3858 aptue,
334 3777 513 3856 tummieqm
533 3773 728 3836 bonoribuoe
749 3774 937 3856 principibue
951 3773 1014 3834 onio
1039 3779 1179 3847 ornutue3
1207 3767 1287 3827 diem

194 3877 274 3938 obiit
294 3897 464 3958 supremum
477 3897 555 3938 anno
569 3882 632 3944 660
642 3875 748 3956 Minci,
769 3874 1082 3957 oppidergyptieco.
1122 3869 1287 3934 Historiam

257 3979 305 4039 ebi
317 3980 419 4040 indeo
436 3979 542 4060 primia
561 3979 646 4041 urbia
660 3979 755 4041 initiiu
769 3979 927 4058 diligenter
940 3987 971 4038 et
986 3985 1142 4054 murem,
1163 3993 1241 4055 puro
1255 3979 1288 4033 et

215 4082 222 4097 “
255 4081 332 4165 plici
351 4081 471 4144 dicendi
482 4101 587 4162 genere
601 4102 691 4161 uena,
711 4081 871 4144 momoriae
881 4079 1050 4158 mandevit,
1068 4076 1204 4140 venuti·
1213 4089 1287 4156 prae

198 4187 304 4250 ceteris
325 4185 495 4259 eutdioeuou
522 4203 582 4268 que
599 4184 637 4248 de
651 4206 686 4250 re
705 4185 840 4248 iudicent
859 4183 986 4246 lectoren
1001 4181 1081 4266 ipsi,
1100 4181 1129 4244 ei
1146 4183 1286 4260 excerpta
1414 4221 1424 4231 .
