2959 4850
398 304 446 378 n
462 233 705 374 rinouosu
722 298 958 373 auronae
1148 286 1230 365 osa

186 413 189 420 ·
222 472 274 536 st.
293 461 425 540 Σιὲποις
442 462 595 543 ἕπανοϊς]
616 460 719 543 Mun
736 472 783 523 est
797 463 919 545 proprie
935 470 1153 543 domomum,
1174 454 1228 519 sed

136 551 189 615 bic
200 574 257 634 pro
268 552 344 615 locis
356 549 482 612 occultis
496 558 527 611 et
536 548 691 629 imperviie
702 548 959 629 interpretandum
973 566 1088 621 censeo,
1110 564 1145 605 eo
1159 564 1228 604 mu-

137 638 194 716 do,
214 657 274 716 quo
297 630 472 716 οπεπεισμός
491 629 583 708 τόπος
602 633 706 694 eodem
726 654 817 695 seusu
837 642 974 693 notatum
996 628 1128 693 occurrit
1147 627 1229 709 apud
1262 708 1264 711 Ι

138 723 270 799 Suidanr,
292 741 383 801 quere
398 730 428 781 et
442 720 623 779 adiectivum
637 719 819 800 subsequens
834 716 972 791 ἐπακτοῖς
984 718 1051 777 loca
1063 716 1228 791 obstructa,

136 817 189 867 aut
207 827 325 887 aspera,
354 826 423 883 eeu,
448 814 486 864 ut
507 804 608 884 inquit
629 804 772 883 Virgilius
794 805 866 864 Aen.
891 824 921 868 v,
943 808 1020 878 662,
1051 802 1117 861 loca
1142 808 1229 859 senta

135 896 201 953 sian
226 891 390 971 significat,
410 909 503 973 quum
526 911 543 950 a
567 889 659 953 verbo
683 884 793 974 ἐπάγω,
816 890 957 967 obstruo,
977 889 1069 969 sepio,
1090 886 1130 947 eit
1147 884 1229 947 deri·-

134 988 248 1041 vatum.
1315 1034 1319 1043 .

221 1089 272 1151 29.
294 1076 388 1161 Ἀντί]
411 1080 566 1142 Cornelius
588 1081 704 1143 Codicis
722 1080 811 1141 fidem
828 1102 891 1142 non
905 1088 1049 1161 sequutus
1062 1076 1157 1143 edidit
1176 1068 1234 1139 nd·-
1250 1078 1341 1137 cua

136 1164 200 1247 adv,
222 1170 274 1229 sed
294 1167 337 1227 ita
353 1186 414 1227 esse
431 1166 639 1245 corrigendum
654 1168 779 1227 notavit.
955 1178 956 1183 ’

221 1279 273 1341 30.
289 1274 410 1355 Πίνειν]
425 1274 475 1333 Sic
489 1275 600 1355 optime
608 1274 763 1334 Cornelius
777 1272 946 1333 emendavit
960 1292 1016 1352 pro
1028 1274 1136 1345 ποιεῖν,
1148 1266 1233 1349 quod

136 1359 189 1421 bic
202 1362 303 1420 locum
317 1360 424 1419 babere
437 1380 499 1419 non
513 1369 620 1440 potest.
661 1360 697 1419 ln
711 1359 821 1419 Codice
834 1378 896 1419 non
910 1358 980 1417 satis
994 1356 1072 1417 clare
1082 1354 1157 1415 baec
1169 1372 1233 1417 vox

137 1445 254 1525 legitur,
274 1445 327 1504 sed
340 1446 439 1506 πίνειν
452 1443 599 1524 scriptum
614 1465 678 1503 eeae
691 1444 824 1505 videtur.

220 1554 271 1617 38.
292 1547 326 1611 ‘0
338 1543 570 1631 Καραμοῦντης]
587 1550 655 1609 Non
669 1550 708 1609 ad
722 1550 892 1631 principem
909 1550 1011 1611 Cretae
1024 1547 1160 1610 lmerm
1172 1544 1235 1605 boe

135 1655 246 1715 nomen
262 1635 349 1711 refer,
365 1654 453 1715 quem
469 1636 618 1715 Curupam
629 1635 719 1695 suine
736 1635 851 1695 dictum
866 1636 1000 1713 superius
1016 1634 1136 1693 Acroas.
1153 1632 1189 1691 ll.
1201 1651 1233 1691 v.

137 1724 188 1787 82.
203 1720 344 1779 vidimus.
385 1721 447 1779 Nec
463 1728 493 1779 te
506 1729 634 1797 moveat,
647 1719 731 1779 bunc
747 1720 835 1779 etiarn
852 1718 1047 1779 aTbeodosio
1063 1716 1188 1777 inferius
1202 1733 1234 1777 v.

138 1807 209 1869 134.
231 1804 370 1863 Ameram
393 1804 582 1885 nuncupari.-
604 1826 674 1863 nam
695 1806 796 1885 plures
818 1804 922 1863 Cretae
944 1806 1063 1863 Amaras
1086 1802 1176 1863 luisse
1195 1818 1235 1859 ex

138 1889 271 1949 (ledreno
296 1908 363 1970 pag.
384 1891 457 1954 643.
481 1887 642 1965 discimus,
666 1890 720 1969 qui
737 1898 855 1970 praeter
870 1890 1021 1969 Curupem
1041 1884 1235 1946 aliumetiam

135 1984 280 2034 memorat
293 1973 413 2033 nomine
424 1977 584 2049 Anemam,
607 1994 697 2053 quem
710 1994 879 2055 supremam
892 1981 962 2054 post
977 1974 1127 2051 Curupam
1143 1980 1235 2051 pote-

136 2068 242 2132 statem
262 2058 397 2118 babuisse
417 2058 529 2117 scribit.
572 2057 615 2117 De
633 2060 811 2119 Caramunte
834 2066 934 2117 tamen
952 2058 1036 2117 nulls
1052 2055 1095 2115 ibi
1105 2055 1236 2115 mentior

135 2144 298 2204 nonenim
321 2143 373 2202 hic
390 2144 583 2203 Caramuntes
605 2164 674 2203 cum
697 2144 857 2203 Caramone
881 2164 898 2201 a
917 2142 1050 2203 cedreno
1072 2139 1145 2203 ibid.
1169 2156 1235 2219 pag.

92 2296 95 2302 ,
136 2228 209 2295 642.
229 2230 301 2288 item
315 2236 479 2289 memorato
497 2230 559 2288 ullo
576 2229 665 2287 modo
679 2238 725 2289 est
741 2226 986 2307 confundendus,
1008 2246 1099 2308 quum
1111 2224 1138 2285 is
1151 2221 1238 2284 Tarsi

137 2313 278 2374 dominus
297 2323 327 2373 et
345 2314 466 2375 Ameras
485 2312 584 2373 fuerit.

175 2505 192 2582 ζ
221 2425 272 2488 87.
295 2416 542 2505 Προοντρὲπιζεν]
564 2419 721 2481 Cornelius
739 2418 818 2482 mala
838 2416 960 2480 omnino
981 2414 1054 2498 legit
1072 2408 1251 2502 trecentula

136 2527 172 2568 m
192 2527 235 2574 εν.
1009 2544 1011 2550 ,

224 2615 276 2678 39.
290 2602 430 2691 Πάντας]
444 2611 493 2672 Ex
506 2611 616 2672 Codice
629 2611 673 2672 sic
686 2611 872 2692 corrigimus,
888 2629 980 2691 quum
990 2600 1100 2685 τούτοις
1111 2625 1174 2668 non
1185 2602 1239 2680 be·

137 2716 178 2758 ne
192 2697 274 2778 apud
295 2697 467 2756 Cornelium
483 2699 625 2776 legatur..

223 2803 273 2870 63.
294 2802 371 2885 Καὶ]
391 2800 549 2865 'Cornelius
563 2802 681 2865 Codicis
700 2803 792 2864 fidem
808 2823 872 2864 non
890 2809 1034 2883 sequutus
1054 2795 1155 2859 nescio
1178 2813 1237 2874 qua

138 2887 258 2948 ratione
276 2887 319 2963 οἷς
334 2890 470 2950 ediderit.
606 2895 609 2901 '

221 2995 272 3061 64·
295 2996 437 3078 Πατρῶν]
459 2997 615 3076 Perpetem
627 2992 765 3078 πατέρων
779 2995 891 3074 legitur
905 2993 939 3056 iu
955 2989 1085 3054 editione
1097 2982 1236 3065 Cornelii,

79 3090 81 3093 '
135 3088 244 3140 contra
261 3079 378 3138 Codicis
395 3079 485 3140 iidem
507 3091 537 3141 et
551 3100 654 3141 versus
673 3099 851 3143 mensuram.

222 3185 275 3251 65.
293 3179 373 3265 bot]
399 3185 487 3244 Hanc
508 3205 571 3246 esee
590 3185 711 3244 Codicis
729 3186 891 3247 lectionem
911 3183 1042 3248 videtur.
1085 3174 1241 3244 corndiu

136 3268 209 3350 legit
224 3270 274 3347 ἐν,
295 3289 474 3349 versumque
491 3269 561 3330 ideo
577 3271 792 3330 claudicantem
808 3271 912 3333 edidit.

222 3382 274 3445 60·
294 3370 434 3458 Ἰσμαήλ]
457 3376 534 3439 Vide
555 3395 645 3457 supra
658 3376 697 3436 ad
711 3377 781 3438 Aer.
801 3377 973 3444 11.v.261.

129 3497 132 3503 '
223 3482 274 3549 64.
298 3483 371 3563 Καί]
395 3483 504 3542 Omisit
524 3481 604 3543 hanc
621 3483 803 3564 particulam
825 3466 995 3553 Cbrnelius‚
1024 3497 1100 3560 quae
1121 3475 1243 3558 quidem

136 3569 172 3628 in
194 3567 304 3666 Codice
325 3569 399 3628 adeo
421 3578 467 3629 est
482 3568 627 3648 evanida,
650 3580 687 3631 ut
699 3571 749 3632 val
761 3568 917 3649 diligenter
929 3565 1138 3648 inspicientem
1152 3561 1241 3624 facile
1255 3569 1358 3698 aas?

139 3651 274 3803 effuglddi
299 3731 378 3814 Tude
401 3735 507 3818 ἔνδον]
539 3737 691 3798 Cretenses
715 3737 866 3815 intellige,
894 3734 947 3814 qni
970 3733 1125 3795 obsidione
1147 3731 1243 3792 lame-

140 3841 199 3901 que
214 3821 320 3880 afflicti
334 3823 367 3880 in
380 3822 454 3882 urbe
468 3832 553 3881 erant
568 3822 687 3898 inclusi,
700 3843 833 3902 quosque
850 3819 957 3881 Graeci
969 3819 1077 3880 milites
1089 3826 1156 3900 ante
1171 3835 1244 3898 por·

138 3914 186 3965 tae
202 3907 286 3966 urbis
300 3906 466 3984 adstantes,
487 3927 525 3966 ne
539 3909 763 3986 egrederentur,
786 3905 993 3991 prohibebant.
1035 3903 1081 3964 lta
1095 3923 1164 3964 eane
1176 3923 1244 3962 ma·

138 3986 1244 4138 tl‘tltssttt'milti?{tlllltttlltlffldtli'llsszdt‘3233

140 4179 207 4220 sum
226 4097 386 4237 redderet:
403 4097 439 4221 do
461 4162 568 4240 magis,
588 4100 673 4242 Ι66οοί
692 4162 880 4243 Nicephorus
899 4160 1114 4222 tumultuantes
1132 4155 1243 4218 milites

140 4263 204 4305 non
218 4247 268 4328 vi,
289 4247 342 4308 sed
356 4245 457 4309 verbis
478 4255 509 4308 et
528 4246 789 4310 adhortationibus
803 4247 974 4310 detinuerit.
