2959 4850
275 303 351 380 630
479 315 519 382 Ν.
539 313 588 382 Μ.
612 311 815 380 FOGGINII
836 311 1182 382 ADNOTATIONES

246 443 335 558 vdit.
383 471 452 534 Non
475 470 529 532 diu
550 479 650 532 tamen
670 469 826 551 Pompeiua
851 468 980 547 victoria
1000 467 1116 549 gaviam
1135 476 1196 547 eat,
1223 489 1282 530 nec
1305 469 1374 532 sor-

193 607 199 614 .
276 569 381 620 tunam
412 567 550 639 expertue
578 567 622 616 eet
649 563 886 638 permanentem,
915 555 1081 614 instaurato
1107 555 1188 614 enim
1207 556 1246 615 ab
1268 555 1373 634 Angu-

148 659 152 669 ·
275 653 323 707 eto
340 652 444 704 eontra
460 637 559 724 iprum
579 643 706 722 praelio,
728 659 823 720 eoque
843 649 964 698 euanua
984 639 1145 698 admodum
1164 649 1245 700 terra
1272 641 1376 701 mari-

278 748 337 809 que
350 739 521 809 oppugneto
529 773 538 804 ,
558 727 679 786 tandem
691 728 841 804 Augustus
851 724 890 784 Μ.
905 724 1053 804 Agrippae
1067 743 1157 804 opere
1168 723 1303 800 adiutor,
1324 726 1374 784 in-

281 815 392 892 eignem
411 813 514 874 retulit
530 811 706 886 victoriam,
728 811 803 869 adeo
817 819 853 870 ut
866 809 972 869 merito
992 809 1030 868 de
1048 809 1183 887 Augueto
1195 809 1254 869 diei
1265 809 1374 891 point,

279 919 348 962 eum
360 897 445 980 priua
456 897 571 956 victum
586 895 685 956 navali
698 895 829 974 praelio,
850 913 922 953 mox
934 913 1004 953 auor
1017 893 1148 953 rictorea
1161 913 1326 974 superatae.

363 984 413 1050 14.
436 977 535 1066 Ξύλῳ]
557 981 622 1041 Hoc
644 981 770 1041 verbum
793 979 922 1037 elaeaem
943 978 1133 1058 interpretati
1155 999 1277 1057 eumua3
1305 980 1374 1040 sre-

194 1103 198 1112 ·
279 1077 404 1150 quenter
422 1068 501 1126 enim
519 1066 595 1125 illud
613 1087 630 1125 a
650 1063 771 1126 Graecia
791 1065 940 1125 irtferioria
959 1065 1026 1124 aeri
1042 1063 1241 1143 scriptoribus
1258 1063 1298 1124 ad
1313 1084 1374 1123 na-

278 1173 331 1214 vet
353 1152 546 1230 designandae
564 1159 734 1232 usurpatur.
777 1149 898 1209 Praeeto
921 1149 1034 1228 cuique¹
1047 1167 1109 1208 eaee
1126 1157 1254 1227 poaaunt
1269 1168 1372 1208 uern-

204 1305 207 1310 .
280 1238 350 1320 pla,
371 1256 446 1316 quae
463 1235 681 1296 Du-Freenino
693 1235 725 1294 in
749 1234 900 1294 Gloaaario
920 1234 1035 1293 urdine
1055 1241 1086 1292 et
1106 1233 1225 1292 intimae
1246 1233 1372 1293 Graeci·

278 1322 350 1383 tatia
372 1321 504 1382 adducit.
547 1321 695 1402 [Fortasse
714 1317 748 1378 hi
771 1337 889 1398 quoqne
908 1338 1010 1379 verane
1030 1317 1178 1377 referendi
1198 1318 1238 1378 ad
1260 1319 1373 1378 Iulium

199 1449 205 1458 -
279 1408 449 1482 Caeumm,
472 1405 524 1485 qui
543 1407 575 1466 in
593 1405 700 1465 itinere
721 1403 768 1486 (ἐν
786 1399 899 1490 στόλῳ,
922 1404 1003 1482 quod
1021 1402 1200 1463 vocabulum
1225 1401 1313 1463 etiam
1334 1403 1372 1462 de

277 1491 367 1553 unius
388 1492 493 1551 itinere
517 1491 655 1570 usurpari
675 1493 802 1566 constat)
830 1509 847 1546 a
873 1487 1075 1568 pruedonibua
1104 1497 1224 1568 captur,
1251 1487 1373 1547 eoadem

278 1577 458 1658 paulopost
480 1574 571 1634 classa
594 1583 746 1633 eontracta
773 1573 939 1650 superavit,
970 1582 1133 1653 captorque
1158 1573 1244 1634 cruci
1263 1573 1372 1632 affixit.

281 1659 432 1722 Plutarch.
447 1658 506 1718 Vit.
520 1661 599 1718 Gaea.
614 1666 676 1726 e.2.
693 1656 795 1737 Veliej.
808 1657 871 1717 Pet.
879 1656 919 1717 11.
932 1657 983 1724 42.
997 1653 1098 1733 ξύλον,
1111 1657 1293 1734 erue,Piaid.
1305 1659 1372 1719 Ex-

186 1749 194 1773 ·
278 1746 347 1828 ped.
363 1742 478 1804 Heraol.
494 1743 533 1805 11.
547 1745 617 1810 258.
631 1737 812 1821 ὖψούμενον
826 1736 859 1805 ad
870 1738 967 1817 ξύλον.
986 1751 1017 1801 et
1028 1741 1109 1804 alibi.
1127 1743 1204 1824 F.1.]

365 1829 414 1896 16·
437 1821 501 1890 Οὐκ
514 1819 554 1908 ἦν
569 1821 743 1910 στρατηγός]
763 1827 902 1885 dieucum
914 1825 995 1886 huno
1009 1846 1128 1886 varrum
1142 1827 1238 1888 edidit
1252 1829 1372 1889 Corne-

278 1913 339 1974 liue
357 1923 460 1972 contra
477 1911 566 1972 fidem
579 1913 712 1989 Codicia,
735 1931 773 1969 ex
791 1931 849 1992 quo
863 1932 917 1971 noe
928 1913 1111 1972 restituimus
1125 1922 1195 1972 ente
1208 1914 1371 1974 articulum

280 1995 300 2062 d
318 1997 494 2078 particulam
516 1997 574 2074 oie,
597 2017 685 2077 quarn
705 2005 806 2056 temen
825 1996 988 2057 neeeaaario
1008 1996 1189 2071 addendam,
1210 2007 1246 2058 ut
1263 2017 1369 2058 aenaua

277 2081 393 2162 integer
408 2083 555 2162 prodiret,
579 2081 732 2140 Cornelius
747 2081 942 2141 coniectando
958 2081 1126 2159 adnotavit..

365 2172 413 2233 16.
435 2167 531 2240 Quam
544 2167 580 2226 de
590 2167 730 2246 Pompeio
741 2165 894 2226 historiam
905 2165 1089 2226 Theodoaiua
1100 2161 1272 2240 adumitrat,
1292 2165 1370 2226 haee

279 2261 341 2312 en:
362 2252 419 2313 An.
439 2251 476 2310 U.
498 2251 528 2314 C.
548 2255 619 2318 679.
641 2253 672 2313 L.
688 2250 804 2311 Licinio
818 2250 958 2326 Lucullo,
981 2250 1021 2311 Μ.
1037 2250 1157 2310 Aurelio
1179 2253 1265 2311 cotta
1285 2252 1367 2315 eoas.

280 2335 428 2396 Creticum
447 2336 557 2395 bellum
575 2335 641 2396 eM.
657 2335 787 2398 Antonio
809 2335 969 2396 infeliciter
985 2335 1155 2415 inceptum,
1177 2357 1195 2394 a
1210 2336 1246 2410 Q.
1262 2336 1370 2395 Caeci-

187 2438 192 2446 ·
278 2421 322 2481 lio
344 2421 462 2482 Metello
486 2421 647 2503 perfectum
670 2431 723 2483 eat.
767 2418 826 2480 Sed
850 2440 943 2501 quum
964 2420 1092 2481 victorie
1115 2421 1210 2480 elatus
1230 2421 1369 2482 Metellae

279 2506 393 2567 nevius
406 2506 438 2567 in
458 2506 591 2587 captivos
606 2506 867 2577 animadverteret,
888 2506 973 2565 multi
993 2505 1132 2587 Pompeio
1146 2506 1177 2564 in
1194 2508 1263 2566 daia
1277 2528 1370 2567 nom-

280 2590 407 2651 moranti
429 2610 458 2651 ae
480 2590 666 2651 dediderunt.
714 2590 758 2649 De
775 2589 832 2649 hae
849 2610 882 2650 re
897 2589 942 2649 ita
962 2590 1072 2650 Florus
1094 2592 1161 2654 Ber.
1185 2592 1267 2655 Rom.
1285 2593 1368 2672 Epit.

173 2672 230 2731 cot.
245 2674 264 2729 2
279 2676 330 2736 lib.
349 2675 399 2737 lii.
419 2695 483 2757 cap.
506 2682 535 2741 7.
584 2674 719 2735 Metellae
737 2670 844 2733 deinde
862 2684 956 2733 totam
980 2677 1115 2735 irarum
1133 2678 1201 2756 igni
1218 2678 1369 2756 ferroque

272 2760 459 2843 populatae,
482 2764 565 2819 intro
581 2760 716 2837 cautella,
735 2770 763 2818 et
776 2760 863 2818 urben
875 2758 998 2841 redegit,
1020 2763 1226 2839 QGnoaaum,
1244 2773 1274 2820 et
1285 2764 1369 2841 Ery-

278 2846 427 2923 thracam,
447 2854 475 2903 et
488 2856 523 2903 ut
539 2846 649 2904 Graeci
660 2842 758 2903 dicere
769 2846 874 2922 solent,
894 2846 1017 2903 urbium
1035 2857 1163 2905 matrem
1177 2844 1366 2924 cydoneam:

234 2964 237 2985 .
277 2928 409 3011 adeoque
426 2950 513 2991 aaeve
532 2930 563 2989 in
588 2934 724 3011 captione
744 2930 967 3005 cumulabatur,
994 2942 1029 2989 ut
1047 2952 1157 2991 veneno
1178 2952 1209 2989 ee
1226 2933 1369 3012 plerique

277 3016 468 3094 conficerent,
489 3015 548 3074 nlie'
568 3014 747 3074 deditionem
764 3035 854 3074 aream
871 3013 917 3073 ad
927 3017 1105 3095 Pompeium
1124 3016 1275 3075 absentem
1291 3020 1368 3075 mit-
1475 3093 1476 3098 ἵ

277 3110 379 3161 terent.
421 3100 576 3183 Pompeiae
596 3110 692 3161 autem
707 3102 829 3159 Romam
850 3119 987 3160 revereua
1001 3121 1063 3161 non
1078 3101 1169 3159 modo
1189 3102 1227 3161 de
1243 3100 1368 3161 nium·-

278 3184 347 3244 date
367 3192 397 3243 et
415 3184 541 3261 Tigrane
559 3184 591 3242 in
606 3185 673 3243 daia
689 3184 819 3244 aubaotie
836 3182 1048 3263 triumpharit,
1068 3186 1121 3246 aed
1134 3186 1259 3246 alterum
1275 3188 1368 3247 otiam
1475 3227 1476 3242 .

276 3267 463 3350 triumphum
483 3267 543 3347 egit
563 3268 599 3327 de
614 3270 692 3328 bello
707 3270 842 3330 Cretico:
864 3270 988 3351 captivis
1009 3290 1026 3330 e
1047 3271 1133 3329 Creta
1145 3270 1289 3347 ducibua,
1312 3270 1367 3351 qui

276 3353 315 3412 ad
335 3374 367 3413 ee
390 3354 574 3429 deiecerant,
603 3372 702 3413 aecum
727 3354 882 3431 adductio,
917 3354 1029 3414 Metalli
1055 3354 1240 3436 triumphum
1260 3356 1367 3416 immi-

275 3457 387 3515 nueua,
411 3436 543 3517 quamvie
556 3457 658 3518 reapse
673 3437 787 3498 nullam
800 3440 831 3496 in
845 3438 925 3498 bello
941 3440 1056 3499 Cretico
1074 3451 1189 3521 partem
1202 3440 1365 3501 habuiaeet.

275 3521 456 3583 Theodotiue
469 3522 570 3601 itaque
583 3522 664 3582 hisce
678 3522 710 3581 in
724 3522 858 3584 deraibua
873 3524 1043 3605 Pompeium
1056 3544 1124 3584 eum
1140 3526 1288 3602 Romano,
1309 3544 1366 3590 m

274 3607 376 3687 potius
400 3628 468 3667 cum
487 3606 653 3688 Nicephoro
670 3609 802 3685 confert,
821 3618 857 3668 nt
878 3628 912 3667 eo
934 3610 1025 3687 magia
1047 3609 1177 3669 einedem
1199 3610 1365 3691 Nicephori

273 3691 418 3753 virtutem
435 3692 573 3769 extollat,
596 3692 737 3773 quoniam
754 3692 781 3752 ei
794 3693 942 3754 Cretenaia
957 3694 1101 3754 victoriae
1113 3695 1206 3773 gloria
1220 3716 1291 3755 rere
1306 3694 1365 3753 de-

273 3774 413 3852 bebatur,
436 3778 508 3837 dum
530 3796 545 3836 e
566 3778 713 3838 contrario
728 3778 886 3859 Pompeius
903 3776 1011 3839 veterio
1027 3778 1109 3839 illiue
1129 3780 1276 3841 Cretensis
1289 3780 1365 3839 belii

271 3858 388 3920 laudern
406 3863 617 3943 naurpuverit,
630 3883 665 3922 ae
688 3864 771 3941 quari
794 3883 932 3945 praeeunt
951 3863 1145 3941 decertasset,
1173 3866 1303 3924 alterum
1322 3864 1363 3925 de

272 3943 373 4004 eadem
391 3944 475 4029 treta
491 3946 676 4027 triumphum
692 3948 801 4007 Romae
814 3957 962 4009 ostentare
974 3950 1214 4029 praeaumpaerit.

355 4028 433 4091 Ibid.
456 4030 607 4111 Πομπὶος]
630 4032 666 4092 In
683 4032 755 4092 cod.
769 4052 859 4114 anpra
878 4030 937 4092 hoe
957 4054 1066 4094 nomen
1082 4032 1156 4093 haee
1169 4034 1364 4111 legiturnota

271 4109 471 4175 interlinearis
483 4115 622 4193 eiuadem,
643 4126 677 4176 ut
690 4116 820 4195 videtur,
834 4118 988 4196 aeriptoria
1004 4137 1095 4178 manu
1108 4126 1227 4178 exarata
1241 4117 1261 4182 d
1275 4124 1365 4182 ttae*—

276 4212 331 4277 σαρ
352 4196 369 4261 ὁ
388 4198 491 4280 μέγας,
522 4200 603 4279 quod
623 4201 831 4261 animadvertit
854 4202 941 4263 etiam
961 4204 1135 4279 Corneliae,
1163 4204 1217 4262 aed
1236 4204 1364 4265 omnino

275 4282 417 4357 praeterit
442 4282 602 4343 coniectari
626 4285 700 4365 quid
721 4306 754 4345 ea
773 4286 830 4347 eibi
849 4288 932 4353 velit.
974 4288 1079 4369 Itaque
1096 4288 1173 4349 adea
1184 4289 1274 4369 volo,
1295 4309 1365 4350 um
