2959 4850
220 326 281 400 DE
300 324 454 399 EXPED·
475 322 565 396 sue
584 320 668 395 tttc.
687 321 817 397 Puoc
835 320 898 394 ET
917 320 975 393 10.
993 322 1112 397 ‘rztn
1168 318 1246 395 386

200 585 242 655 u.
273 584 335 653 ax
348 584 619 676 ‚naamanin
646 582 893 653 annmnus
917 581 1195 655 noscamur

399 738 464 809 (ct.
481 738 557 797 Tan.
573 738 609 808 11.
625 756 652 817 p.
669 738 721 801 477
737 758 811 815 aeqq.
827 740 872 800 cd.
885 740 997 811 aaut)

609 920 791 939 m

233 1046 322 1109 Anno
338 1046 447 1108 CCCLI
463 1042 530 1134 (qui
545 1046 593 1109 die
613 1052 634 1119 8
648 1048 733 1113 Febr.
750 1050 786 1117 b.
801 1047 833 1117 C.
853 1052 918 1121 962
933 1049 1051 1135 coepit).¹
1061 1052 1247 1137 occupabant

149 1150 294 1229 Romani,
321 1152 398 1212 duce
420 1150 590 1245 Domestica
605 1148 634 1235 *)
658 1148 842 1237 (Nicephoro
864 1150 993 1241 Phoca),
1013 1156 1183 1219 Ain-Zaaba
1203 1159 1245 1237 (v.

149 1251 350 1335 Anazarbnm)
364 1253 446 1334 pecie
459 1264 557 1335 pacto,
578 1256 741 1337 pauciaque
752 1258 868 1339 aliquot
879 1256 924 1317 ibi
938 1260 1086 1339 peremtio,
1098 1260 1247 1342 plurimo·

148 1356 310 1415 inviolator
326 1356 524 1418 dimittebant.
566 1356 676 1435 Iidem,
705 1356 810 1418 eodem
826 1362 910 1439 duce,
923 1360 1068 1423 victoriae
1085 1362 1246 1442 inatabant,

72 1464 75 1469 “
149 1458 268 1520 vultum
289 1469 350 1519 tam
371 1460 496 1538 benigne
513 1459 701 1519 monstranti.
742 1458 890 1524 Halebum
909 1461 1109 1545 impetebant,
1136 1474 1167 1525 et
1179 1464 1247 1547 ipae

149 1562 240 1637 urbe,
257 1570 375 1642 praeter
385 1583 480 1622 arcem
489 1606 498 1640 ,
513 1560 715 1643 potiebantur.
739 1562 830 1635 Quod
845 1566 887 1625 ita
903 1564 1037 1645 contigit.
1060 1566 1245 1627 Domesticua

151 1664 369 1725 Seiseddaulam
395 1685 548 1741 securum,
584 1664 777 1743 omniumque
795 1686 897 1726 rerum
921 1666 1060 1745 ignarum
1087 1666 1247 1751 derepente

151 1765 295 1842 obruens,
325 1766 418 1848 copiia
437 1788 491 1849 per
514 1767 609 1828 otium
629 1765 840 1827 contrahendis
860 1768 1046 1829 excludebat.
1094 1767 1245 1854 Correptio

149 1868 241 1949 igitur
252 1868 370 1948 paucia,
393 1870 444 1949 qui
461 1870 599 1947 aderant,
620 1866 751 1929 iactabat
766 1870 941 1931 Halebenaia
959 1870 1031 1931 belli
1052 1871 1162 1951 aleam,
1181 1872 1247 1949 aed,

151 1970 264 2030 amiaaia
284 1971 372 2051 longe
393 1972 550 2053 plurimis,
584 1992 653 2031 curn
672 1972 778 2051 exigua
800 1973 941 2033 mannia
963 1971 1153 2053 sugamibat.
1195 1974 1247 2033 Sic

150 2072 272 2155 patebat
286 2074 406 2135 Graecia
423 2074 520 2135 munia
535 2094 603 2153 ager
617 2072 683 2133 urbi
697 2074 849 2135 aubiectua
857 2119 868 2151 ‚
890 2073 1011 2155 patebat
1022 2072 1116 2153 ipaiua
1129 2070 1246 2135 Seiied·

152 2178 257 2239 daulae
272 2176 371 2254 regia,
393 2176 443 2237 cui
465 2195 575 2236 nornen
595 2184 657 2234 erat
672 2174 770 2235 Darda
792 2172 858 2259 (aeu
872 2176 1005 2257 geminae
1018 2174 1140 2255 domna)
1161 2185 1246 2239 extre

151 2276 233 2341 urbia
251 2278 395 2339 ambitum
415 2280 482 2357 nita,
505 2278 556 2339 ubi
569 2286 736 2338 tercentum
748 2276 862 2357 argenti
879 2287 962 2339 utrea
976 2274 1022 2359 **)
1043 2275 1246 2359 inveniebant,

39 2439 45 2455 ,
153 2380 385 2464 quadringentos
408 2388 496 2460 atque
516 2378 598 2440 mille
613 2380 727 2459 muloa,
755 2400 966 2463 armorumque
983 2386 1100 2440 tantum
1115 2400 1246 2462 appara·

151 2496 235 2564 tum,
255 2493 292 2543 ut
312 2485 435 2543 modum
456 2501 549 2564 paene
567 2482 733 2544 excederet.
775 2483 867 2545 Urbis
891 2484 1009 2543 moenia
1032 2487 1098 2540 tum
1117 2481 1246 2543 admotia
1368 2495 1370 2499 ’

151 2587 298 2649 machinis
311 2585 482 2667 quatiebant
487 2606 495 2662 3
512 2585 630 2665 depulsi
642 2593 743 2646 tamen
754 2582 971 2668 oppidanorum
983 2581 1170 2660 lortibadinc,
1178 2605 1245 2644 aua-

152 2711 210 2771 que
232 2710 284 2772 ape
308 2687 431 2764 deiecti,
461 2686 634 2768 proximum
654 2685 687 2746 in
714 2696 862 2766 montem,
895 2685 1070 2762 Gauacbun,
1097 2686 1269 2755 concede„

149 2793 235 2854 bunt.
277 2791 400 2851 Interim
422 2789 574 2849 incidebat
592 2788 626 2848 in
654 2789 733 2848 cives
764 2799 793 2850 et
808 2785 952 2869 praetorii
970 2787 1166 2868 peditatum,
1192 2808 1245 2850 eeu

151 2895 317 2979 praesidia,
349 2890 387 2952 ob
410 2891 552 2972 quasdam
571 2890 604 2950 in
624 2891 699 2950 urbe
717 2892 856 2971 rapinae,
883 2886 1008 2965 reditio,
1035 2909 1109 2968 qnae
1127 2889 1246 2952 moenia

152 2996 374 3070 detentoribus,
393 2993 426 3053 in
446 2995 544 3054 forum
558 2991 822 3070 concurrentibua,
841 2991 984 3052 nudabat.
1027 2989 1125 3065 Quam
1136 2992 1247 3055 viden·

151 3111 197 3162 tas
223 3099 329 3160 Graeci
347 3093 539 3157 solitudinem
560 3102 589 3152 et
610 3094 786 3155 intestinum
805 3092 984 3169 tumultum,
1006 3091 1104 3153 cubito
1136 3092 1244 3173 adorti,

154 3203 317 3282 effringunt
330 3208 432 3281 portae
440 3241 448 3274 ,
470 3195 629 3276 gladioque
645 3195 679 3255 in
692 3195 812 3256 virilem
826 3203 952 3256 aetatem
966 3201 1154 3272 mercantum
1174 3193 1246 3273 pluo

155 3307 256 3366 decem
281 3302 375 3363 millia
397 3319 559 3382 puerorum
578 3298 734 3378 utriusque
752 3318 841 3358 aaxua
862 3304 1034 3378 aeportant,
1061 3303 1091 3354 et
1105 3294 1245 3374 praedam

156 3417 268 3488 cogunt
283 3403 505 3477 incredibilem,
527 3400 577 3459 cui
591 3401 766 3462 deserendae
779 3420 871 3482 quum
885 3419 948 3473 nou
961 3396 1148 3469 aufficerent,
1169 3411 1246 3474 quaa

154 3519 273 3592 precato
306 3507 429 3566 aderant
455 3503 605 3578 iumenta,
635 3503 698 3582 igni
727 3503 801 3564 dant
823 3519 901 3581 quae
932 3498 1048 3556 auferre
1074 3492 1246 3572 nequibant.

155 3611 276 3672 Decimo
293 3610 329 3670 ab
345 3630 378 3670 ea
395 3604 522 3668 victoria
537 3603 585 3664 dic
600 3605 735 3688 receptui
749 3600 878 3689 canebat
888 3599 1072 3659 Domeaticua
1084 3604 1113 3654 et
1125 3612 1247 3673 gravem

155 3713 268 3796 praeda
286 3711 451 3794 exercitum
471 3705 638 3768 deducebat
655 3725 710 3788 per
729 3724 834 3788 agrum
846 3701 1057 3778 Halebenaem,
1076 3694 1160 3776 pegia
1172 3713 1247 3773 par-

190 3910 221 3982 Ι’)
239 3908 291 3980 ipsi
302 3904 448 3979 imperatori
460 3901 608 3976 Nicephoro
616 3903 719 3960 Phocae
729 3901 961 3958 entuttcotmm
1048 3893 1163 3980 ‘ationem
1175 3891 1247 3946 Ana·

226 3973 983 4110 attende.:rtet‘ttdllizltb‘xtt‘lt
994 3962 1248 4092 &diffidit

245 4119 272 4170 ui
290 4118 318 4171 in
337 4119 368 4172 Α.
391 4113 454 4166 Chr.
470 4109 523 4166 964
539 4061 635 4166 incidit
659 4111 693 4167 tt
728 4113 794 4166 Cum
806 4108 933 4165 Abalieda
945 4111 1031 4162 nmen
1042 4100 1168 4157 comentit
1180 4099 1247 4152 Bne·

254 4189 377 4250 ebraena3
392 4181 447 4235 vid.
466 4197 536 4249 supr.
548 4197 574 4250 p.
590 4179 676 4237 121..

193 4288 231 4360 ”)
250 4291 317 4345 Uter
335 4287 437 4359 argenti
452 4283 567 4342 continet
583 4283 669 4339 deciea
687 4279 757 4338 milla
771 4295 860 4336 annot
877 4280 1024 4350 arguam
1043 4273 1079 4330 A.

193 4409 323 4484 &capta
339 4427 370 4467 ca
386 4411 477 4467 tiator.
494 4405 619 4462 Arum
1004 4378 1048 4450 25
