2959 4850
353 326 413 394 DE
433 325 673 398 THEODOSII
693 329 968 402 acaoasmos.
1118 347 1207 400 mv

109 487 199 542 etiam
207 483 397 564 Nicephorue
409 485 590 548 Scholarnm
601 491 808 579 Domesticos,
816 492 1021 572 ¹Imperatorio
1031 497 1131 571 inem,
1152 517 1205 556 ur-

111 587 171 645 bem
186 583 340 666 ingressae
356 609 426 646 cam
439 591 547 652 multis
561 592 671 672 epoliie
692 603 787 674 atque
799 598 931 674 captivis
946 617 968 654 a
988 599 1055 654 onie
1077 595 1206 658 cedibus

108 687 152 747 al
162 689 284 748 Circum
298 687 392 770 pedes·
410 695 492 756 eenit
504 714 569 752 nna
592 715 662 753 cam
677 693 783 756 Cretae
792 695 918 775 Amera,
936 698 1053 778 Cecrope
1070 702 1201 772 nomine,

108 792 227 870 eiusque
243 795 431 875 propinquis
452 796 607 874 omnibna,
629 819 699 856 cnm
719 799 867 860 Saraceni
890 797 1095 860 omnee‘albia
1109 803 1204 859 oreu-

107 893 160 950 tus
192 891 300 952 induti
331 907 433 960 errent.
484 898 534 956 Ac
558 897 680 979 quidem
703 902 853 980 Magister
880 890 1006 961 bonores
1031 921 1204 982 magnaque

101 999 237 1074 praemia
261 995 459 1076 Imperatorio
473 999 664 1060 ‘liberalitate
677 1015 882 1082 caraequutae
901 1017 961 1080 eet,
986 1000 1118 1062 Amerae
1131 1025 1213 1070 vero,

106 1094 189 1156 donis
202 1098 355 1178 plurimis
376 1121 513 1182 auroque
533 1113 623 1183 atque
642 1116 767 1185 argento
785 1104 826 1162 ab
850 1104 1033 1185 Imperatore
1057 1103 1202 1182 donatus,

102 1199 228 1280 praedia
250 1203 322 1260 rari
339 1203 433 1260 colere
453 1213 546 1282 otqne
564 1204 705 1264 habitare
718 1209 889 1286 perminus
906 1219 968 1266 ert:
999 1205 1086 1288 quoti
1100 1219 1201 1267 tamen

106 1303 248 1384 baptiemo
262 1305 385 1364 initiari
394 1303 501 1378 noluit,
515 1307 550 1364 in
562 1309 704 1368 Senatum
722 1311 844 1368 neinime
856 1321 1016 1390 cooptatae
1028 1319 1080 1369 eet.
1101 1311 1201 1368 Porro

105 1408 260 1466 Romamne
287 1407 454 1487 Imperator
472 1409 662 1488 Magistrum
677 1411 883 1492 Nicephorum
903 1417 1016 1472 iterum
1032 1413 1065 1470 in
1092 1413 1202 1472 Orien·

105 1519 158 1568 tem
178 1513 282 1588 misit,
305 1521 340 1570 ut
362 1509 535 1571 Cleombdae
554 1517 769 1591 arrogantiam
782 1515 952 1595 frangeret.
995 1517 1202 1594 Saeceptaque
1262 1586 1266 1592 Δ

57 1612 61 1621 '
105 1611 283 1694 espeditione
296 1617 433 1694 primurn
447 1613 614 1692 Clralepum
627 1613 729 1674 urbem
742 1604 896 1676 monitam
909 1620 995 1698 cepit,
1009 1615 1091 1677 unde
1106 1620 1201 1676 etiam

105 1717 266 1795 spoliorum
288 1719 352 1775 vim
375 1737 520 1796 magnam
536 1715 666 1794 collegit.
708 1715 835 1778 Videsne
850 1719 931 1798 qood
944 1718 1093 1800 triumphi
1106 1738 1199 1798 genna

105 1818 285 1900 Nicephorus
306 1837 323 1878 e
343 1819 430 1882 Creta
451 1817 550 1878 redux
570 1818 686 1878 obivit?
716 1818 753 1878 A
770 1823 839 1878 anie
858 1819 988 1878 oedibus
1007 1842 1077 1880 cnm
1090 1821 1199 1880 munis
1285 1835 1292 1844 ⁴

105 1921 201 1998 spoliis
216 1932 246 1978 et
261 1924 395 2002 captivis
403 1917 496 2000 pedes
510 1921 543 1978 in
556 1919 677 1978 Circam
690 1922 782 1996 venit,
797 1940 858 2000 quo
872 1921 987 1980 scilieet
1000 1923 1089 1984 modo
1102 1943 1199 1984 ovan-
1293 1964 1296 1970 ,

104 2029 142 2080 tea
154 2023 365 2102 procedebant,
387 2043 449 2082 non
464 2015 697 2102 triumphonier3
720 2021 763 2081 ita
777 2033 822 2099 ut,
838 2025 865 2083 si
876 2023 952 2084 bene
966 2025 1058 2086 vertit
1071 2025 1198 2084 Leonem

106 2123 307 2200 Combefisiua,
328 2145 398 2183 usus
419 2124 459 2184 sit
478 2125 538 2184 Leo
557 2143 633 2183 voce
656 2123 802 2203 triumphi
822 2126 886 2184 lato
907 2125 1016 2201 modo,
1045 2124 1198 2205 quomodo

105 2225 183 2286 etiam
207 2249 225 2286 a
245 2223 362 2286 Latinis
381 2226 547 2286 nonsemel
566 2225 680 2285 factum
702 2245 766 2284 esse
779 2228 928 2290 novimus.
969 2228 1009 2287 Et
1020 2227 1155 2308 proiecto
1170 2225 1198 2286 is

106 2337 167 2406 erat,
179 2329 229 2409 qui
244 2330 284 2391 ob
294 2332 409 2390 Cretam
425 2339 542 2410 ceptam
556 2325 724 2409 Nicephoro
740 2326 913 2407 debebatur,
924 2329 1020 2389 honos
1033 2309 1197 2388 secundum

105 2430 298 2493 Romanorum
315 2454 445 2511 morem,
468 2432 537 2513 qnia
555 2432 667 2491 bellum
682 2430 833 2494 Creticum
844 2432 992 2494 indictum
1007 2454 1069 2492 non
1088 2434 1200 2508 iuerat,

105 2542 130 2592 et
142 2534 206 2613 qnia
221 2537 322 2595 suerat
335 2536 400 2595 sine
412 2516 557 2615 sanguine
572 2536 740 2595 confectum
748 2580 758 2613 ,
775 2534 934 2615 dequibus
949 2535 1118 2597 loculenter
1132 2554 1199 2595 cer·

105 2643 145 2693 tos
157 2630 214 2697 'nos
234 2638 328 2698 saciet
346 2631 539 2699 Theodorias.
583 2636 648 2711 Qua
664 2637 700 2696 de
713 2657 747 2698 re
763 2637 930 2699 cedrenum
950 2647 981 2697 et
1004 2639 1129 2717 Glycam
1154 2635 1198 2698 in

106 2755 161 2797 ease
178 2739 420 2820 interpretandos
436 2760 557 2817 censeo,
577 2748 614 2798 ut
633 2738 769 2799 dixerint
784 2750 925 2819 negatum
941 2738 1032 2801 iubae
1043 2736 1198 2819 Niceph07

105 2858 158 2917 roe
170 2841 255 2901 Creta
270 2842 375 2903 reduci
384 2841 676 2922 Constantinopolim
688 2840 802 2918 venire,
817 2840 933 2903 radicet
947 2842 987 2901 ed
1005 2860 1197 2901 commoran-

13 2962 14 2967 ’
106 2938 186 3019 dum,
208 2943 279 3023 qnia
300 2941 373 3003 hinc
391 2944 492 3005 statim
513 2945 614 3005 iussus
638 2944 733 3003 estin
754 2942 872 3023 Syriam
895 2942 1063 3025 proticisci,
1093 2951 1124 3001 et
1145 2959 1197 3000 eoo

104 3040 177 3103 baud
198 3044 370 3106 meminisse
389 3046 555 3128 triumphi,
577 3066 665 3127 quem
683 3055 757 3107 tunc
775 3046 977 3127 Nicephorum
990 3045 1081 3123 egisse
1092 3052 1197 3109 nanae

105 3143 157 3205 Leo
175 3144 342 3224 Diaconos,
365 3148 434 3227 quia
455 3150 626 3211 nudatenne
643 3146 851 3229 triumphans,
877 3146 931 3208 sed
947 3147 1044 3207 solum
1057 3144 1195 3207 ovensin

106 3246 215 3309 Circum
226 3252 415 3332 processerit,
431 3260 461 3311 et
474 3251 661 3311 solummodo
676 3260 746 3331 post
754 3248 965 3331 Chelepeneem
977 3248 1132 3309 victoriam
1145 3266 1195 3307 ao·

105 3345 211 3410 lennem
231 3350 420 3433 triumphum
440 3340 548 3433 egerit,
569 3374 655 3435 qoem
677 3354 812 3413 Cedreno
833 3352 931 3414 vnum
953 3360 997 3410 est
1018 3351 1090 3410 sotis
1113 3368 1194 3409 com·
1261 3365 1269 3374 ·

105 3468 277 3533 memorare,
297 3476 364 3515 cum
386 3455 421 3515 in
442 3474 478 3517 eo
501 3466 620 3538 praeter
636 3453 848 3517 berrhoeania
868 3454 965 3539 spolio
977 3453 1066 3514 etiam
1078 3449 1195 3513 Cretica

107 3556 300 3621 ostentaverit.
731 3612 740 3621 .
1108 3561 1113 3574 ⁴

180 3658 309 3740 Verum,
329 3670 415 3721 utut
438 3662 504 3742 quis
524 3659 609 3723 malit
628 3658 687 3721 hoe
703 3658 878 3739 contigisse,
900 3668 1016 3719 certum
1031 3667 1092 3736 est,
1115 3654 1199 3737 quod

107 3753 283 3839 Nicephorus
307 3773 376 3845 post
394 3764 552 3825 victoriam
570 3762 717 3823 Creticam
732 3764 766 3823 in
779 3762 896 3842 Syriam
908 3762 1064 3842 proiectus
1079 3768 1141 3836 est,
1162 3776 1198 3817 ec

106 3874 176 3945 nova
189 3860 226 3920 de
239 3862 416 3947 Chalepensi
432 3868 555 3928 soliano
572 3876 724 3948 reportata
738 3863 866 3927 victoria
880 3882 916 3923 eo
929 3862 1022 3942 mapa
1037 3858 1181 3920 inclaruit
1186 3878 1196 3935 ;

107 3967 133 4016 et
149 3963 226 4041 qood
244 3984 313 4025 cum
329 3966 450 4027 interim
464 3970 633 4045 Romanus,
653 3968 765 4029 florens
777 3967 851 4027 licet
863 3974 972 4042 aetate,
992 3962 1198 4045 voluptatibus

108 4060 210 4124 metus
230 4066 278 4127 tie
299 4066 348 4135 15.
368 4070 469 4131 Martii
491 4070 659 4131 Indictione
683 4080 768 4131 sexta
784 4069 924 4147 obiisset,
946 4060 1197 4145 eTbeophanone

108 4160 225 4227 Romani
242 4190 338 4231 uxore
352 4170 484 4233 filiorum
498 4172 619 4235 nomine
632 4174 799 4255 imperante
815 4170 976 4232 accersitus
992 4176 1036 4228 eat
1049 4167 1198 4225 Constan-

110 4263 274 4351 tinopolim,
296 4273 350 4337 ubi
372 4275 490 4339 solenni
509 4298 620 4361 pompa
642 4277 679 4339 de
706 4274 863 4339 Saraceni·
882 4282 950 4336 tum
972 4267 1111 4345 ereren,
1130 4274 1199 4329 tom

287 4498 300 4527 Q
