2959 4850
237 257 313 341 358
525 268 790 343 LUlTPRbNDl
817 268 1017 339 LEGATIO

239 434 293 517 qui
309 442 354 497 est
374 433 459 495 loone
476 431 578 493 decem
599 438 630 491 et
646 438 715 491 octo
732 427 911 492 millirn'bus
924 429 1183 512 Comtsntiuopoli
1201 430 1325 511 diuam,

178 558 184 569 ’
238 535 424 619 Nicephorns
438 554 486 595 me
499 530 639 594 accersiri
649 532 741 609 iubet,
755 532 806 593 cni
820 542 852 593 at
862 533 922 593 nitr
936 534 1084 604 Rutubsm
1095 542 1127 593 ta
1139 533 1261 613 quidem
1269 536 1327 606 ⁴ri·

125 716 127 727 Ι
239 660 309 703 rnm
334 656 472 719 magnum
493 644 522 697 et
543 632 700 695 honestum
723 655 758 697 ιι
775 634 870 715 grstia
887 633 949 696 buc
966 635 1099 712 venisse,
1124 645 1162 696 ut
1178 639 1328 719 completa

240 742 410 805 omnimodo
423 740 579 807 voluntate
588 756 654 799 mee
669 746 844 819 perpetum
860 736 940 799 inter
958 758 1009 808 me
1025 747 1057 799 et
1076 737 1230 799 dominum
1243 750 1328 827 tnuqr

239 844 434 907 constitueres
453 842 620 905 amicitiam.
666 841 706 901 Et
725 840 868 922 quonism
885 841 925 899 ob
951 840 1051 905 cordis
1064 840 1112 900 tui
1131 840 1272 901 duritiem
1291 842 1327 902 id

237 948 336 1011 facere
347 946 440 1024 nolis,
460 966 556 1008 unum
569 946 689 1021 saltam,
712 943 795 1023 quod
806 944 903 1003 lacera
916 942 994 1003 insta
1004 942 1120 1005 ratione
1132 944 1244 1023 possis,
1264 943 1328 1005 effi.

238 1049 314 1127 cito3
338 1048 454 1109 scilicet
467 1046 622 1111 dominum
644 1056 730 1107 tuum
754 1044 943 1127 Principibus
963 1045 1102 1125 Cepuuno
1124 1054 1154 1106 et
1171 1046 1326 1109 Beneven-

239 1158 329 1229 teno‚
352 1150 445 1215 servis
458 1150 562 1227 maie,¹
575 1169 651 1229 quoe
669 1168 842 1231 oppugnsre
856 1148 1001 1230 dispono,
1025 1149 1146 1209 nullum
1167 1149 1326 1216 consilinm

239 1254 429 1317 collaturum.
485 1256 545 1313 Sna
570 1252 622 1334 qni
647 1272 710 1313 nou
733 1252 886 1331 largitur,
914 1259 1020 1313 uoatn
1047 1252 1153 1311 aeltern
1182 1252 1329 1325 dimittet,

238 1354 324 1419 Nova
337 1376 385 1419 ras
398 1365 459 1433 est,
480 1355 564 1437 quod
582 1374 684 1417 eorum
698 1363 799 1435 patres
825 1362 857 1415 et
877 1354 928 1415 avi
947 1362 1052 1415 nostro
1065 1353 1194 1434 imperio
1211 1354 1326 1421 tributa

239 1457 402 1537 dederunt;
425 1468 457 1519 at
470 1458 504 1519 id
519 1459 592 1519 istos
609 1456 695 1519 bravi
713 1466 848 1537 tempora
864 1456 997 1517 facturos
1014 1456 1136 1538 Imperii
1152 1457 1249 1517 nostri
1268 1478 1326 1517 er-

210 1556 349 1621 ssercitus
368 1560 524 1623 laborabit.
565 1558 622 1622 cci
643 1559 784 1638 inquam:
805 1558 962 1640 Principes
983 1558 1036 1619 isti
1059 1558 1193 1640 spprime
1209 1560 1325 1623 nobiles

238 1672 269 1727 et
281 1662 394 1726 domini
407 1662 467 1723 mei
481 1670 552 1722 sunt
567 1659 694 1740 milites3
716 1661 768 1741 qui
788 1661 815 1722 si
829 1664 976 1723 sensuiut
982 1662 1156 1723 exercitum
1168 1670 1256 1721 tuum
1272 1682 1327 1729 su-

237 1784 294 1847 per
316 1785 365 1825 eos
385 1765 517 1843 irruere,
547 1764 589 1827 eie
611 1764 711 1845 copies
731 1764 849 1841 mittet,
876 1764 1054 1845 quibuscum
1071 1774 1143 1824 tuos
1164 1772 1325 1841 conterere,

239 1876 270 1929 et
290 1866 351 1928 duo
371 1868 425 1927 illa
442 1848 592 1945 thatta,
611 1886 686 1947 qnae
707 1866 789 1927 ultre
811 1886 893 1930 mare
910 1865 1018 1943 babae,
1038 1865 1095 1926 tibi
1113 1865 1326 1947 preernlebunt

240 1970 366 2031 auferre.
413 1970 499 2029 Tunc
519 1969 643 2031 busonis
664 1969 698 2029 io
718 1969 843 2031 modum
864 1969 1078 2045 tumefactus,e
1093 1976 1324 2045 sttcomurotus,

234 2070 374 2151 Discede,
400 2072 512 2157 inquit:
550 2073 607 2133 Per
625 2090 689 2149 me,
710 2090 765 2153 per
784 2071 838 2152 qui
856 2092 905 2131 me
922 2072 1013 2131 telem
1033 2090 1162 2150 genuere
1176 2082 1324 2153 perennes,

234 2174 361 2253 neum,
382 2183 418 2237 ut
435 2172 518 2235 aliud
533 2172 676 2245 'dominns
689 2182 779 2251 tuus,
801 2187 893 2255 qutne
915 2174 1078 2235 desertores
1099 2193 1202 2235 servos
1219 2175 1326 2235 deien-

235 2275 307 2339 dere
323 2278 439 2365 cogitet.
474 2266 616 2355 'Cumque
631 2275 759 2352 abirem,
779 2276 867 2336 iussit
882 2276 1058 2358 interpreti,
1077 2296 1125 2337 nee
1139 2274 1198 2339 sibi
1216 2277 1325 2337 conri-

235 2396 305 2441 ram
324 2378 407 2452 ilerde
436 2376 598 2458 accitisque
628 2379 800 2442 eorumden
817 2378 991 2460 Principum
1018 2380 1110 2442 batte
1129 2388 1161 2440 et
1178 2377 1325 2460 Byzantio

128 2481 186 2540 cet.
202 2483 221 2540 2
236 2477 404 2558 Bariebno,
437 2463 556 2558 mugnus
577 2479 611 2540 in
628 2500 697 2560 vop,
719 2491 895 2563 gentemque
925 2481 1049 2556 leticum
1075 2491 1107 2542 et
1131 2483 1326 2561 Teutonicum

236 2581 431 2648 contumeliae
452 2601 589 2643 evomere
608 2583 703 2646 iussit.
745 2584 857 2645 Varum
879 2603 947 2644 conr
968 2605 987 2642 a
1008 2583 1129 2644 sordide
1148 2604 1241 2644 coena
1259 2585 1326 2665 ipae

184 2697 190 2708 '
235 2681 436 2762 discederem,
463 2683 583 2750 nunniie
603 2684 809 2766 interpositis,
838 2687 916 2747 clem
937 2685 1014 2746 mihi
1035 2686 1271 2763 mundaverunt,
1295 2695 1327 2748 et

235 2784 427 2862 iuraverunt,
448 2805 480 2846 ae
500 2807 573 2865 quaa
586 2787 771 2850 intraverant
785 2811 847 2850 non
859 2799 984 2871 sponte,
1005 2791 1059 2850 aad
1071 2791 1254 2870 Imperatore
1266 2808 1325 2851 ro-

235 2885 316 2946 lente
336 2895 365 2946 et
384 2885 584 2949 comminante
606 2887 724 2950 dixisse.
772 2891 882 2954 Sedet
905 2892 986 2954 idem
1011 2892 1200 2973 Nicephorus
1220 2893 1254 2952 in
1272 2913 1325 2952 ιι-
1359 2891 1365 2898 ’

209 3007 213 3013 ·
236 2983 304 3048 dem
328 3009 420 3050 coena
439 3010 486 3050 me
499 2989 709 3071 interrogavit,
731 2994 756 3053 ei
768 3015 823 3067 roa
835 2995 980 3076 perivolia
987 3021 1004 3071 ,’
1017 2996 1050 3055 id
1063 3004 1109 3055 est
1121 2995 1282 3068 brolia-rel
1295 2995 1323 3054 si
1456 3013 1461 3023 ’

233 3089 388 3170 perivoliis
407 3111 548 3176 onagros,
569 3095 619 3155 vel
631 3104 746 3156 caetere
764 3097 904 3164 animalia
917 3096 1074 3158 biberetis.
1117 3098 1174 3158 Cni
1185 3117 1251 3157 cnm
1266 3116 1322 3157 ros

233 3189 345 3268 brolio,
369 3193 453 3252 etin
469 3197 572 3258 broliie
588 3198 744 3278 animalia,
765 3200 885 3279 onagris
897 3201 1048 3280 exceptis,
1065 3199 1175 3260 bebere
1188 3198 1322 3258 affirm·-

233 3309 312 3352 rem:
334 3292 442 3354 ducam
457 3306 505 3370 te,
526 3297 639 3379 inquit,
660 3303 693 3360 in
710 3311 844 3364 nostrum
852 3303 1049 3382 perivolium,
1071 3299 1156 3364 cuins
1168 3301 1322 3381 magnitu-

237 3391 352 3472 dinem,
373 3405 404 3456 et
418 3417 559 3479 onagros,
579 3401 671 3462 idest
687 3402 970 3479 silvestreminos,
991 3415 1022 3466 te
1034 3405 1146 3466 vidisse
1160 3404 1321 3467 urueberie.

205 3495 351 3559 Bliuctns
371 3498 473 3580 itaque
493 3502 527 3562 in
544 3505 723 3585 perivolium
738 3506 810 3569 setis
830 3519 987 3585 inagnum,
1016 3517 1224 3586 montuosum,
1253 3509 1323 3568 fru-

234 3609 388 3679 ctuosum,
414 3603 536 3665 mirrime
560 3625 730 3684 amoenum,
761 3627 831 3670 cum
856 3609 982 3689 pileatus
1004 3612 1183 3691 equitarem,
1215 3630 1322 3690 tneque

233 3694 404 3784 Coroplutes
419 3725 435 3764 a
451 3707 538 3787 longe
553 3709 755 3791 prospiceret,
775 3711 838 3772 filio
852 3713 988 3772 celeriter
1001 3713 1133 3792 directo,
1154 3713 1229 3774 mibi
1241 3732 1323 3773 neen-

232 3803 335 3882 dsvit',
362 3807 406 3866 lae
429 3797 491 3868 non
513 3831 575 3871 esee
593 3812 779 3894 qnempiam,
801 3813 855 3872 ubi
872 3815 1037 3896 Imperator
1056 3826 1147 3893 meet,
1167 3817 1321 3896 pilentum,

233 3904 286 3964 sed
305 3907 487 3970 teristratum
506 3911 653 3976 incedere.
696 3915 753 3975 Cui
768 3917 921 3993 mulieres,
941 3917 1079 3996 inquam,
1100 3926 1220 3979 nostrae
1232 3918 1321 3978 tirra-

231 4015 281 4067 ιιι
301 4017 332 4066 et
352 4009 611 4091 teristratos,·riri
628 4017 765 4097 equitant
782 3997 894 4098 pileati.
936 4021 998 4079 Nec
1016 4020 1103 4080 decet
1115 4040 1171 4080 vos
1186 4019 1320 4099 compel-

231 4108 293 4170 lere
311 4110 443 4190 pntrium
461 4133 508 4174 me
528 4115 579 4176 hic
594 4129 706 4180 mutare
723 4141 852 4181 morem:
874 4141 942 4181 cum
960 4131 1076 4183 vestros
1093 4143 1148 4182 noa
1178 4121 1320 4182 edeuntea

231 4212 363 4294 patrium
381 4233 495 4278 rnorem
515 4225 615 4282 tenere
631 4221 776 4282 sinamus:
802 4207 941 4285 mtniceti
962 4222 1058 4303 euim,
1080 4224 1210 4304 murti,
1237 4225 1320 4287 libu-
