2959 4850
81 226 86 233 '
121 270 131 291 ν
227 244 305 325 eoo
434 354 438 361 ἱ
474 260 534 329 nu
557 241 855 330 vmmnmonn
880 259 1064 329 ommes

61 438 116 489 Fot.
131 432 183 491 toa
199 448 298 502 πνους
315 425 366 491 καλ
383 419 549 511 πράγματα
569 428 632 490 τῶν
653 423 824 507 πολεμίων,
854 425 906 489 καὶ
926 420 1114 512 ἀνθρώπους
1129 424 1318 513 άνδροτιοδί-

225 529 303 609 ζειν,
338 530 388 592 καλ
410 528 489 611 άρχὴ
514 524 641 612 τοιαύτη
664 527 785 612 γίνηται
791 574 804 608 ,
835 522 1023 613 ὁρμήσωσιν
1042 526 1175 605 ἅπαντες
1196 532 1240 606 είς
1259 529 1319 613 τὴν

222 625 369 713 τοιαύτην
383 629 570 716 διαρπαγὴν,
598 632 649 695 καὶ
671 629 803 717 ἀφειδῶς
817 627 905 696 ἐνδον
916 625 1095 717 χωρήσουσι
1109 638 1172 698 τῶν
1182 638 1315 715 σκηνῶν,

223 734 301 818 ξίφει
323 732 437 807 αὐτούς
458 730 707 808 κατακόπτοντες.
745 734 797 797 καὶ
818 729 889 797 τύτε
908 732 986 818 πρὸς
1006 732 1106 821 φυγὴν
1127 731 1318 821 δρμήσουσιν

223 832 356 910 ἅπαντες
361 883 371 913 ,
401 832 467 899 ὅσοι
485 835 541 919 μέν
563 832 740 918 ἰσχύσουσιν
760 835 901 919 ἐπιβῆναι
917 837 1037 916 ἵππων,
1065 836 1096 901 οἱ
1112 838 1146 901 δέ
1161 839 1212 901 καί
1227 838 1341 922 πεζῇ,5

225 933 268 1013 ῶς
283 934 321 1001 άν
337 940 513 1021 δυνηθῶσιν
528 936 614 1025 ύρεσί
625 964 658 1003 τε
674 939 725 1003 καὶ
743 934 877 1023 φάραγξι
897 943 1064 1022 κρυβῆναι,
1092 940 1143 1003 καλ
1164 942 1320 1025 σωτηρίας

196 1038 337 1123 Ῐ)τυχεῖν.
372 1042 422 1105 καλ
435 1043 462 1105 εί
474 1046 615 1107 τοιοῦτον
627 1047 665 1127 τῇ
680 1042 815 1130 βοηθείᾳ
835 1046 891 1105 τού
909 1042 990 1107 Θεοῦ
1004 1040 1125 1126 γίνηται
1137 1039 1175 1107 τδ
1189 1046 1246 1105 τοῦ
1259 1065 1321 1106 πο-

224 1141 318 1224 λίμου
335 1142 436 1229 ,πίρας
458 1142 511 1207 διά
526 1148 692 1231 πρεσβειῶν
707 1150 763 1226 τῆς
781 1140 997 1227 παναχράντοσ
1016 1142 1134 1229 μητρδς
1155 1142 1252 1208 αὐτοῦ
1267 1144 1320 1207 καί

223 1240 393 1324 θεστύκου,
428 1242 521 1322 δόξαν
542 1246 598 1328 μὲν
620 1246 649 1312 οἱ
676 1242 754 1330 άμσι
770 1251 906 1328 βασιλεῖς
927 1242 1098 1329 λήψονται,
1134 1246 1185 1310 καὶ
1206 1242 1320 1332 κράτος

224 1344 309 1411 άπαν
321 1345 357 1413 εδ
369 1343 537 1429 Ῥωμαϊκὸν
553 1346 746 1435 στράτευμα·
762 1349 869 1432 μηκίτι
882 1355 945 1413 τῶν
958 1350 1110 1431 πολεμίων
1122 1346 1201 1413 κατά
1217 1344 1314 1435 πρδσ·
1327 1358 1362 1413 10

225 1474 309 1515 ωπον
333 1448 435 1515 αὐτῶν
457 1456 565 1534 στῆναι
587 1452 772 1534 δυναμένων.
808 1454 834 1515 εί
848 1450 885 1515 δι’
895 1476 927 1535 γε
941 1446 1059 1532 δμαλοῦ
1079 1448 1241 1533 ἐπιτύχωσι
1251 1447 1319 1533 χῶ-

225 1576 282 1638 ρσυ
303 1558 358 1636 τῆς
377 1547 494 1639 ἧμέρας
507 1552 740 1640 ἐπιφαινούσης,
770 1556 820 1617 καί
844 1556 886 1629 είς
908 1552 1003 1618 αὐτὸν
1021 1550 1234 1635 καταλύσωσι,
1260 1552 1319 1629 τάς
1377 1539 1380 1545 ’

225 1654 340 1740 σκηνάς
353 1651 537 1738 πηξάμενοι,
565 1658 615 1720 καί
632 1654 688 1721 οδκ
704 1656 832 1743 εύχερῶς
853 1657 885 1721 ἐν
899 1662 943 1747 τῷ
964 1652 1094 1744 τοιούτῳ
1112 1653 1199 1743 τύπῳ
1214 1654 1270 1721 τδν
1286 1656 1319 1720 ἐν

224 1760 309 1821 νυκτὶ
325 1754 458 1839 πόλεμον
472 1753 593 1841 ἁρμόζει
611 1759 771 1843 γενέσθαι·
799 1762 847 1824 δεῖ
864 1758 919 1823 τδν
932 1758 1104 1843 στρατηγὸν
1119 1758 1198 1842 μετὰ
1210 1763 1320 1823 πασῶν

111 1868 142 1921 Ρ.
160 1870 209 1926 166
225 1866 287 1925 τῶν
301 1862 427 1939 πεζικῶν
440 1884 472 1925 τε
486 1862 536 1924 καλ
551 1861 680 1927 ἱππικῶν
694 1857 852 1944 δυνάμεων
864 1861 1040 1948 ἐμπροσθεν
1058 1859 1149 1926 πάλιν
1161 1860 1314 1945 γενίσθαι,
1325 1874 1360 1933 15

223 1965 275 2027 καὶ
295 1962 333 2027 τά
356 1958 534 2049 δψηλάτερα
556 1970 620 2028 τῶν
641 1963 722 2049 δρῶν
741 1974 919 2047 κατασχεῖν,
948 1966 999 2029 καὶ
1017 1964 1075 2048 τὴν
1096 1962 1240 2047 διάβασιν
1262 1968 1318 2046 τῆς

223 2061 299 2131 ὁδοῦ
323 2060 435 2147 δμοίως
460 2065 706 2153 ἀσφαλίσασθαι.
748 2068 800 2131 καλ
821 2068 884 2132 ἐπεὶ
904 2072 1017 2147 πῶσαι,
1053 2062 1096 2142 ῶς
1116 2066 1249 2153 ἐφημεν,
1284 2065 1319 2130 αἱ

222 2164 290 2233 iovi
308 2168 341 2233 ai
357 2167 434 2253 πρὸς
451 2166 507 2250 τὴν
528 2170 674 2251 πολεμιάν
690 2167 867 2255 εἰσάγουσαι
883 2168 935 2235 διά
955 2174 1017 2234 τῶν
1040 2168 1120 2235 ὅλων
1140 2160 1183 2235 ὧν
1205 2168 1318 2255 ἀπηρι-

221 2269 395 2355 θμησάμην
410 2268 557 2353 θεμάτων
575 2273 626 2336 καλ
643 2274 761 2349 οἰκείοις
775 2270 953 2359 ὀφθαλμοῖς
974 2269 1169 2355 ἐθεασάμην,
1198 2268 1318 2353 δύσβα-

222 2398 271 2440 τοι
285 2371 485 2459 τυγχάνουσιν
499 2374 531 2438 ἐν
547 2372 629 2461 δ’ρεσι
643 2384 708 2453 τοῖς
720 2378 885 2463 διορίζουσι
899 2375 956 2451 τάς
969 2372 1064 2462 άμφω
1072 2372 1189 2462 χῶρος,
1207 2376 1360 2446 antidoto

222 2483 467 2564 προκαταλαβεῖν
489 2476 546 2562 τὴν
568 2476 711 2561 διάβασιν
731 2479 850 2561 αὐτῶν,
883 2481 935 2542 καλ
961 2477 1016 2542 τδν
1045 2477 1125 2543 κατά
1152 2474 1317 2566 πρόσωπον

222 2579 326 2646 αὐτῶν
348 2576 538 2656 ιἰδιστάκτως
563 2583 695 2648 διατίθει
715 2580 859 2664 πόλεμον.
898 2582 950 2646 καὶ
968 2575 1073 2667 χάριτι
1094 2585 1236 2666 Χριστοῦ
1259 2587 1316 2646 τού

225 2687 306 2752 Θεοῦ
322 2678 410 2766 ἡμῶν
424 2678 633 2770 ὖπερισχύσεις
647 2683 750 2752 αὐτῶν
755 2735 768 2767 ,
794 2687 846 2750 καί
865 2681 996 2760 τούτους
1012 2683 1197 2768 καταβαλῶν
1213 2686 1317 2775 τελείῳ

221 2783 416 2875 παραδώσεις
431 2786 606 2878 ἀφανισμῷ.

290 2919 332 2972 18.
356 2911 438 2987 ὅλοιν]
455 2912 547 2974 ὅπλων
563 2915 640 2972 οοδδ.

222 3035 273 3089 qne
291 3018 319 3072 in
344 3021 646 3092 servitrtemredigsre,
669 3019 799 3090 semelque
815 3019 904 3073 harem
929 3035 1014 3072 rernm
1033 3017 1136 3074 initium
1152 3019 1249 3074 iactum
1264 3022 1316 3081 est,

221 3105 308 3142 omnes
321 3088 353 3140 ad
367 3089 489 3143 eiusmodi
501 3091 671 3160 direptionem
682 3100 767 3154 ruent,
778 3107 907 3159 caecoque
920 3088 1017 3158 impetu
1031 3090 1142 3142 tentoria
1156 3088 1315 3151 invadentes,

222 3157 377 3211 obsistentes
399 3158 492 3226 gladiis
516 3158 659 3212 concident.
693 3159 760 3210 'lun
780 3177 843 3211 vero
864 3176 949 3212 omnes
972 3157 1001 3210 in
1018 3158 1104 3227 fugam
1121 3175 1151 3210 ae
1170 3156 1316 3220 coniicient,

221 3227 316 3295 quibua
334 3225 443 3278 incultas
458 3227 508 3278 fuit
518 3227 544 3279 in
558 3243 640 3296 equos
648 3225 791 3292 insiliendi,
809 3227 854 3280 alii
864 3244 965 3296 quoquc
975 3227 1098 3296 pedibus,
1115 3235 1192 3296 prout
1204 3225 1230 3278 in
1242 3240 1316 3276 mon-

221 3303 262 3347 tes
277 3301 304 3346 et
317 3295 446 3347 conualles
460 3295 556 3348 abdere
567 3313 596 3348 ae
608 3297 716 3378 quisque
732 3297 836 3365 poterit,
855 3298 889 3349 ad
901 3297 1056 3366 salutemque
1068 3294 1211 3365 psrverdre.
1235 3293 1316 3356 Quod

219 3363 262 3426 ai,
279 3363 334 3415 Deo
355 3363 474 3429 iuvante,
487 3381 540 3486 χοε
555 3365 762 3418 intercessionem
779 3366 995 3418 incontaminatae
1014 3365 1101 3418 matris
1117 3365 1173 3418 eius
1186 3363 1316 3485 DeiXarae
1393 3417 1396 3422 ,

221 3431 343 3487 eiusmodi
360 3431 436 3487 finem
453 3434 487 3487 he
505 3439 531 3486 et
553 3433 692 3504 praelium,
710 3439 736 3486 ct
760 3435 867 3502 glorium
882 3434 967 3486 sancti
986 3433 1169 3504 Imperatores,
1186 3439 1214 3486 et
1249 3448 1318 3485 rmn-

219 3507 329 3555 meutum
354 3501 491 3556 universae
516 3503 685 3556 Romanorum
701 3503 792 3573 copiae
812 3509 995 3586 assequentem
1019 3521 1102 3573 neque
1122 3503 1189 3556 enim
1206 3501 1316 3571 amplius

218 3577 307 3624 eontra
325 3569 382 3624 ilina
403 3579 473 3626 sture
492 3572 579 3626 hostes
602 3579 730 3643 poterunt.
766 3573 843 3636 Quod
863 3589 902 3637 ss,
919 3571 1029 3625 diluenlo
1052 3572 1213 3641 propatulum
1233 3569 1317 3623 locum

217 3638 303 3704 nenti,
319 3640 356 3692 ibi
369 3641 516 3694 constitutis
528 3643 699 3696 tabernaculis
712 3641 883 3706 consederint,
899 3658 982 3710 nsque
995 3641 1061 3694 adeo
1073 3641 1188 3711 expedit,
1205 3641 1232 3693 in
1247 3640 1316 3693 eius-

216 3709 356 3792 modiloco
374 3709 560 3796 dimicationem
579 3717 727 3796 nocturnum
746 3711 820 3766 fleri:
841 3717 944 3781 oportet
964 3709 1055 3764 ducem
1075 3728 1132 3763 cum
1153 3709 1317 3792 oedestribus

217 3781 655 3920 :tttttttttttttttttt
666 3783 1263 3920 mittutttf'ttt‘ntttttt‘
1274 3778 1318 3899 ii}

217 3917 349 3984 quoniam,
367 3925 396 3970 ut
414 3919 560 3984 docuimus,
577 3919 713 3974 universae
732 3917 766 3972 ad
784 3919 930 3972 barbariem
949 3917 1072 3971 ducentes
1089 3915 1149 3972 vine
1161 3918 1188 3968 in
1200 3915 1316 3968 omnibus

217 4000 280 4053 quus
306 3986 450 4038 enumeravi
465 3987 630 4057 propriisque
648 3987 729 4042 oculis
750 3987 859 4042 iuononi
874 3986 1028 4057 provinciis,
1051 3984 1172 4038 difficiles
1191 3991 1251 4040 sunt
1268 3999 1316 4052 per

216 4057 314 4106 montes
340 4062 472 4124 utramque
495 4055 626 4126 regionem
644 4057 866 4120 disterminantes,
891 4072 1001 4125 propera
1021 4070 1212 4124 praeoccupare
1227 4066 1316 4106 eorum

215 4122 367 4187 transitum,
384 4132 411 4177 et
427 4122 460 4176 ad
480 4123 557 4194 signa
574 4135 665 4195 aperte
685 4123 735 4178 illis
758 4123 891 4178 inserenda
903 4125 1015 4178 fidenter
1036 4125 1134 4176 instrue
1147 4121 1242 4190 copias.
1277 4119 1317 4172 Et

216 4191 318 4274 curisti
341 4191 393 4248 usi
418 4193 500 4248 nostri
525 4195 612 4264 gratia
637 4193 786 4266 superabis,
808 4194 918 4266 illosque
941 4193 1064 4255 disiecto·
1093 4197 1208 4251 ext-remu
1227 4188 1316 4244 indu

216 4267 305 4316 carun.
