2959 4850
389 325 435 390 IN
456 321 612 392 LEONIS
635 318 818 388 DIACONI
838 319 918 387 LIB
943 319 985 384 X.
1156 307 1232 381 509

135 507 188 561 το,
210 480 270 564 ἤδη
286 478 390 546 locabo
403 474 584 560 φθάσαντας
596 503 632 564 τη
622 477 791 581 μανίη
754 501 809 557 της
820 477 1009 578 θηριφδίας
1002 469 1106 542 αυτυῖν
1118 474 1170 538 καί
1182 474 1237 556 μὲ-

135 593 185 649 ηρι
201 575 258 630 τοῦ
278 568 440 668 σεβασμίου
459 566 600 670 τεμένους
614 569 676 626 τοῖν
696 587 787 710 cpias
804 563 898 648 ἁγίων
914 557 1090 664 μαρτύρων,
1112 559 1235 639 Χιόνης,

137 648 276 757 Εἰρήνης
297 653 349 714 καί
366 646 505 735 ’Λγοίιιης
546 645 662 731 Ὅπερ,
693 673 734 722 ας
754 649 832 724 lore,
862 643 1035 730 βραχυτατῳ
1059 642 1237 726 διαστήματι

136 743 191 802 τοῦ
208 743 263 816 τῆς
277 732 392 816 pileus
407 740 520 840 τείχους
537 732 693 839 οἷφὲστηκε
737 733 800 797 Καὶ
815 730 854 814 δη
870 733 953 814 μέχρι
966 737 1132 796 πολλοῦ
1094 757 1148 813 της
1161 732 1231 839 ημέ-
1237 739 1263 794 Ι)

136 847 192 900 ρας
207 821 459 923 συρρηγνυμένων
477 816 654 902 α’μφοτέρων
671 813 827 921 α’ίίήίοις,
849 819 901 881 ιιαί
916 815 969 891 τίς
985 813 1103 898 διώξεις
1116 817 1168 880 καὶ
1183 814 1237 890 τοίς

136 906 259 985 υφέσιις
273 902 585 989 lntutvbuvoirepov‘
554 929 583 968 οι
595 909 649 985 τῆς
667 899 784 979 πόλεως
796 907 824 980 )
845 898 1168 984 στρατοποιησιίμενοι,
1185 899 1237 966 διδ

136 990 170 1055 τδ
184 1017 297 1067 παντυς
314 1017 367 1055 του
383 996 444 1054 τῶν
462 985 649 1071 Σκίαβήνυν
665 990 775 1064 ἔθνους
788 1015 821 1054 το
812 987 986 1052 ’ἔπίίειιτον
1001 986 1114 1064 ανθος,
1138 987 1180 1061 ιδς
1192 987 1236 1050 τί·

137 1102 240 1177 ρηται,
262 1074 334 1152 τοδς
347 1071 696 1157 αντιπαρατασσομενους
706 1075 940 1180 καθεστηκέναι
961 1073 1054 1146 τέλος,
1077 1068 1239 1178 αιίτῆςτον

138 1158 288 1244 μάρτυρος
299 1167 355 1243 τῆς
370 1163 539 1236 ἐπιστασίας
552 1163 759 1240 ἐπιφανείσης,
773 1155 950 1268 αττιδιιδχθη
963 1185 996 1222 το
988 1152 1219 1242 ’βᾶρβαρον’
1178 1185 1236 1220 αυ-

137 1272 192 1326 της
202 1247 314 1350 ἡμέρας
326 1250 467 1334 τῶντηδε
484 1251 592 1350 μερῶν
606 1239 894 1353 υποχαρῆσαιιῇιιιρ
909 1244 1100 1346 εἰσέβαλεὌ
1123 1241 1237 1306 Kst*
1200 1269 1236 1308 τα

138 1331 193 1432 μὲν
206 1338 260 1413 τῆς
275 1328 342 1396 τότε
358 1309 556 1415 γεγενημένης
572 1326 799 1412 α’τιροσδοκητου
815 1356 866 1394 και
856 1324 1067 1430 ’θηριοίδοας
1076 1329 1240 1408 ἐπιδρομῆς

138 1441 218 1481 ουτω
228 1420 431 1496 συνετελέσθη.
454 1417 490 1478 Η.
506 1439 530 1479 s.
541 1449 585 1463 ·-
599 1417 844 1496 Triumplratoris
854 1418 951 1474 huius
964 1427 992 1472 et
1007 1418 1127 1474 ciuitati
1142 1413 1241 1472 dediti

138 1515 237 1580 marty
239 1525 283 1560 res
300 1505 450 1580 ,Demetrii
466 1501 673 1578 ‹liemfestum
688 1502 799 1582 agebat
817 1505 901 1581 regio
914 1504 1028 1572 omnis,
1051 1512 1087 1558 ut
1108 1522 1240 1558 consue-

137 1600 204 1663 rat,
233 1586 281 1645 die
295 1607 396 1649 21er
416 1590 527 1646 mensis
543 1588 690 1646 Octobris.
732 1587 784 1648 Ita
798 1608 868 1644 cum
884 1609 983 1646 onmes
1004 1587 1219 1644 laetarentur
1206 1607 1241 1642 ιιι
1340 1637 1345 1649 ,

138 1675 276 1752 Spiritu,
299 1671 385 1753 quod
405 1673 557 1752 implesset
574 1675 731 1731 Dominus
745 1693 851 1750 preces
872 1692 1028 1730 seriorum
1045 1674 1159 1749 ipsius,
1188 1669 1241 1728 di-

135 1780 272 1838 gnosque
298 1757 435 1819 clusisset
458 1779 508 1818 eos
527 1761 637 1839 gratia
654 1759 827 1836 Martyris,
849 1757 911 1815 late
924 1757 1005 1833 susa
1021 1777 1116 1834 pace,
1139 1759 1186 1813 ita
1206 1765 1242 1812 ut

137 1865 197 1902 uox
212 1843 248 1902 de
261 1843 403 1902 barbaris
419 1847 539 1902 omnino
561 1865 712 1923 nusquam
728 1854 803 1900 tunc
817 1840 1028 1916 exaudiretur,
1050 1839 1101 1898 die
1109 1843 1241 1917 festiti-

139 1933 214 1987 tatis
229 1929 339 2006 altero,
361 1929 462 1988 subito
478 1927 579 1989 media
591 1940 676 1988 nocte
693 1951 727 1986 ex
742 1927 940 2007 dispositione
959 1930 1099 1985 coronati
1113 1929 1243 1985 uictoris

140 2012 202 2093 (sic
221 2017 301 2074 euim
320 2013 418 2074 dicere
430 2017 588 2094 persuasit
604 2015 683 2072 milri
697 2025 818 2072 eventus
835 2012 912 2094 rei),
934 2014 1004 2092 igni
1018 2023 1185 2090 correptum
1199 2022 1243 2071 est

138 2111 279 2160 sanctum
294 2103 361 2158 eius
375 2100 525 2158 ciborium
536 2111 725 2179 argenteum,
747 2097 858 2178 dequo
872 2119 960 2175 saepe
974 2100 1115 2176 superius
1127 2117 1240 2154 memo-

139 2188 285 2244 ravimus.
328 2183 368 2246 ld
387 2206 456 2243 cum
467 2207 524 2265 per
540 2196 638 2246 totam
657 2184 760 2244 urbem
775 2183 858 2242 breui
869 2183 1119 2262 percrebruisset,
1140 2203 1241 2240 onmes

140 2273 327 2350 maximeque
343 2281 440 2329 aetate
460 2275 594 2330 iuniores
609 2291 641 2330 so
658 2279 890 2345 cortourrerunt,
912 2270 966 2348 qui
981 2267 1018 2326 ob
1033 2270 1148 2328 uirium
1161 2270 1240 2326 inte-

137 2359 285 2437 gritatem
298 2357 511 2437 nullanegotia
524 2357 635 2437 pellere
647 2376 788 2414 somnum
798 2365 938 2435 possunt.
980 2353 1010 2414 li
1021 2374 1092 2410 cum
1107 2363 1152 2412 tot
1166 2374 1257 2416 eva-¹

140 2442 252 2519 aerem,
273 2454 308 2501 ut
315 2464 395 2522 prae
405 2444 473 2501 mul
459 2440 603 2501 ltitudine
615 2444 843 2501 sanctissimum
855 2439 1016 2499 delubrum
1029 2440 1241 2515 obstrueretur,

140 2540 302 2607 argentum
322 2550 406 2587 omne
422 2531 491 2609 igni
515 2530 718 2607 liquefactum
735 2549 793 2609 per
808 2529 1017 2606 pavimentum
1034 2528 1149 2603 fusum
1166 2536 1242 2598 erat,

141 2635 240 2693 aquae
258 2617 337 2672 ritu:
359 2612 454 2693 idque
473 2612 608 2704 undique
623 2614 704 2675 uelut
713 2613 903 2693 fluminibus
919 2608 1095 2671 inundabat
1111 2631 1244 2690 magnus

141 2700 360 2780 amphorarum
372 2720 526 2759 numerus
566 2698 721 2779 Aquilius
733 2697 863 2779 densque
874 2699 938 2757 Des
947 2695 1144 2777 provtdmtta
1144 2698 1244 2777 flam.
1297 2745 1299 2748 .

141 2806 209 2843 mae
236 2794 414 2883 superatum
435 2785 610 2865 periculum
634 2796 686 2845 est.
738 2786 809 2843 lton
838 2795 960 2843 tantum
989 2784 1070 2841 enim
1093 2784 1247 2839 anxietate

141 2892 242 2929 omnes
262 2874 294 2929 in
309 2868 544 2949 desperationem
558 2874 661 2929 mersit
682 2870 792 2929 ciborii
805 2867 980 2927 incendium
987 2878 1169 2947 ,quantum
1184 2889 1245 2925 me·

141 2966 211 3033 tus,
232 2978 269 3015 ne
275 2957 411 3037 flamma
428 2957 560 3015 lacunar
574 2957 713 3015 ecclesiae
730 2959 907 3035 attingeret,
929 2916 1025 3011 corda
1042 2955 1245 3033 spectantium

141 3004 339 3101 emdcerabat.
381 3040 422 3101 Id
432 3044 579 3100 nimirum
592 3063 661 3101 cum
673 3038 836 3099 accidisset
849 3038 958 3120 (timor
968 3034 1064 3115 enim,
1086 3060 1146 3117 quo
1159 3048 1246 3098 erant

136 3131 309 3209 perterriti,
332 3127 487 3185 subiitill
474 3128 535 3202 los,
557 3137 593 3185 ut
614 3120 857 3185 demonstratum
876 3136 936 3201 est,
958 3124 995 3181 ob
1008 3126 1146 3202 ferream
1173 3145 1246 3202 eque

133 3216 272 3294 fastigio
293 3213 402 3271 ciborii
418 3232 598 3291 suspensam
616 3223 771 3288 catenam,
792 3206 872 3269 unde
884 3170 1036 3291 peiedebat
1049 3230 1103 3269 mu
1104 3210 1158 3267 ltis
1104 3209 1245 3267 lillu-

142 3302 217 3359 stris
230 3298 398 3359 luminibus
400 3310 570 3399 argenteus
591 3298 817 3376 tuucplrarus:
833 3316 1009 3375 perquem,
1030 3297 1097 3353 ritu
1117 3294 1244 3353 convol-

141 3386 226 3461 uull,
246 3387 379 3444 emicans
392 3388 476 3466 ignis
491 3387 640 3465 attingere
643 3386 811 3463 fornicem,
827 3393 856 3440 et
872 3382 1024 3456 calathos,
1038 3402 1113 3460 quos
1125 3391 1244 3455 uocant,

142 3472 298 3531 amburere
318 3474 448 3550 coepit):
472 3480 540 3529 tum
558 3490 628 3529 uero
649 3471 804 3545 nonnulli,
828 3470 912 3525 alric
935 3488 1031 3524 cursu
1049 3466 1175 3546 agiliter
1188 3484 1247 3545 per

143 3544 243 3615 trabes
265 3557 418 3633 solantes,
440 3559 527 3616 vasis
548 3555 758 3635 compluribus
780 3574 868 3633 aqua
883 3552 988 3631 plenis
1009 3554 1076 3611 Deo
1097 3550 1245 3608 obsecun-

142 3642 236 3700 dante
244 3643 404 3717 sltemrnarn
416 3653 670 3720 compescuerunt
717 3636 782 3740 (ll.)
803 3642 880 3698 Post
803 3636 970 3698 Pltaec
984 3657 1053 3695 cum
1066 3638 1173 3735 ingens
1186 3635 1247 3693 illa

142 3727 364 3790 oisleominum
385 3749 445 3787 non
464 3726 643 3803 discederet,
664 3724 719 3785 sed
736 3729 822 3786 intus
835 3734 983 3799 maneret,
1003 3741 1058 3780 nec
1072 3742 1127 3801 que
1121 3720 1246 3800 Qabigr

143 3824 209 3874 rent
225 3822 282 3871 aut
296 3824 423 3892 propter
441 3815 540 3871 noctis
556 3774 774 3911 intempestum
782 3812 936 3887 facessere
953 3808 1026 3868 leinc
1039 3806 1245 3881 hortarentur,

137 3894 322 3981 persuadere
341 3898 378 3957 id
398 3896 595 3957 multitudini
611 3908 750 3976 possent,
769 3893 913 3973 formido
935 3893 1034 3953 subiit
1053 3893 1211 3951 nonnullis
1232 3913 1248 3948 e

143 3982 341 4044 curatoribus
354 3986 485 4063 augusti
496 3984 611 4063 templi,
633 4004 670 4041 ne
685 3985 741 4063 qui
757 3982 868 4061 ignoti,
890 4001 959 4039 cum
971 3978 1009 4041 ob
1021 3976 1248 4048 multitudinem

142 4070 300 4131 hommum
313 4080 583 4151 congregatorum,
606 4078 672 4129 tum
691 4067 757 4130 ob
744 4086 846 4147 rpswu
859 4076 991 4142 noctem,
1012 4068 1162 4145 surripere
1181 4074 1247 4122 ten-

176 4257 205 4323 *)
221 4252 256 4310 δ’.
271 4250 299 4313 oi
316 4255 371 4313 soi
386 4248 562 4325 ἀθλοφόροι.

177 4342 222 4411 **)
240 4344 273 4397 Α.
289 4340 381 4413 nicae
401 4342 466 4413 [sic]
483 4338 518 4399 oi
533 4336 607 4415 παρ’
624 4339 735 4413 δίίνονς
753 4333 940 4413 isagogicas
956 4330 1027 4412 ᾗπερ
1047 4334 1199 4412 εἰσέβαλον.
1287 4366 1292 4377 1
