2959 4850
419 296 480 366 nn
499 294 786 365 uenenorum
804 294 997 365 euocare.
1185 284 1259 395 aar

165 452 320 537 precibus,
344 462 380 515 ut
393 470 502 513 munus
516 472 634 529 meum,
657 452 738 531 quod
759 461 1031 534 saepsmpernstns
1045 464 1124 532 erat,
1145 455 1259 535 digna-

165 567 251 617 retur
270 556 414 635 accipere.
455 555 663 616 Iiesidentffius
683 554 785 633 itaque
802 553 891 615 nobis
907 554 946 613 ad
960 574 1090 617 mensem
1103 558 1167 619 sine
1179 559 1259 619 lati-

165 658 272 717 tudine
292 657 410 735 longam
435 657 559 737 pallingi
586 656 632 732 ²⁸)
658 656 817 719 latitudine
845 666 974 734 rectem,
1001 657 1189 737 longitudine
1208 679 1260 721 se-

166 759 335 836 minudam,
363 778 401 818 ex
421 758 564 836 Francis,
591 778 651 837 quo
669 760 790 820 nomine
809 768 873 821 tam
900 757 1037 836 Latinos,
1067 780 1157 840 quem
1177 760 1263 821 Teu-
1277 769 1312 823 Ρ.
1326 766 1379 825 484

166 872 251 923 tones
277 858 519 943 comprehcndit,
541 859 648 921 ludum
667 860 785 922 habuit:
812 859 988 940 rogavitque
1005 880 1070 941 me,
1096 871 1133 923 ut
1149 880 1210 943 quo
1229 862 1264 923 in
1280 838 1370 895 ΨΜ

166 966 234 1027 loco
265 965 462 1045 Episcopatus
492 962 551 1023 mei
580 964 685 1025 civitas
709 974 801 1042 esset,
828 980 926 1041 quove
954 963 1077 1025 nomina
1103 966 1263 1041 fruamur,

166 1068 322 1128 sdicmem.
379 1066 436 1125 eui
463 1066 624 1144 Cremona,
650 1067 789 1147 inquam,
817 1066 949 1128 Eridano
973 1067 1137 1129 fluviorum
1161 1065 1264 1129 Italiae

165 1168 239 1248 Iiegi
258 1168 329 1228 satie
347 1167 462 1240 vieina3
492 1176 522 1229 et
540 1170 611 1248 quia
630 1166 791 1249 Imperium
809 1178 896 1233 tuum
912 1169 1066 1232 chelandia
1086 1189 1122 1231 eo
1146 1167 1265 1230 mittere

165 1278 319 1354 properat,
339 1270 435 1350 prosit
448 1268 522 1331 mihi
535 1280 567 1333 te
582 1269 700 1348 vidisse,
713 1271 809 1352 prosit
822 1276 987 1354 agnovisse,
1009 1276 1047 1337 da
1061 1290 1165 1352 paoem
1179 1270 1262 1347 loco,

165 1384 202 1434 ut
213 1382 306 1451 perte
313 1372 416 1431 saltem
422 1372 516 1453 possit
528 1372 697 1448 subsistere,
719 1374 773 1451 qui
783 1374 841 1434 tibi
847 1397 910 1437 non
921 1386 1021 1459 potest
1030 1374 1175 1437 resistere.
1200 1371 1261 1433 Sed

165 1474 248 1536 vater
257 1472 311 1533 ilie
322 1472 395 1533 haee
409 1475 571 1557 εἰρωνικῶς
583 1494 630 1535 me
638 1474 749 1535 diuisas
758 1477 909 1555 cognovit,
922 1476 1125 1557 submissoque
1131 1474 1220 1536 vultu
1225 1493 1260 1535 se

164 1576 207 1636 ita
221 1576 370 1636 femmam
384 1574 532 1657 promisit,
546 1575 714 1657 iuravitque
725 1578 802 1637 mihi
812 1598 867 1659 per
877 1580 980 1639 Sancti
992 1578 1040 1638 sni
1051 1578 1193 1639 virtutem
1199 1576 1261 1635 Im·

163 1678 259 1761 perii,
278 1676 324 1739 nil
338 1696 386 1737 ma
401 1677 473 1737 maii
491 1698 662 1758 passurum,
684 1680 736 1741 sed
756 1700 902 1763 prospere
921 1681 984 1742 suis
1007 1700 1075 1740 oum
1096 1678 1260 1739 chelandiis

165 1780 305 1861 usquein
314 1779 537 1841 Anconitanum
552 1792 673 1862 portum
685 1784 747 1843 cito
758 1792 987 1865 perventurum,
1007 1791 1038 1842 et
1046 1779 1160 1841 mihiid
1171 1790 1260 1841 tunso

166 1882 267 1964 digitis
281 1892 405 1965 pectore
417 1881 537 1944 iuravit
579 1883 688 1945 Verum
706 1906 794 1967 quam
808 1885 900 1967 impis
915 1883 1106 1966 peioraverit,
1127 1881 1288 1945 wimod-B

166 1986 284 2048 vertite.
327 1984 407 2044 Haeo
424 1994 506 2063 acts,
527 1984 603 2047 haec
617 1986 699 2047 diota
712 1995 784 2048 sunt
803 1986 1020 2047 decimotertio
1035 1984 1182 2045 Kalendas
1194 1984 1260 2045 Διι-

165 2087 261 2167 gnati,
284 2084 414 2149 secunda
433 2086 523 2165 seria,
545 2107 605 2168 quo
626 2110 663 2149 ex
685 2090 733 2151 die
751 2088 897 2169 usquein
915 2108 1028 2148 nonum
1043 2085 1259 2168 stipendiorum

165 2188 244 2249 nihil
266 2188 303 2247 ab
324 2208 359 2247 eo
377 2189 495 2269 recepi,
525 2208 594 2249 eum
613 2200 695 2251 tauta
715 2199 792 2250 esset
809 2190 1066 2272 Constantinopoli
1085 2191 1195 2265 fames,
1221 2196 1259 2247 ut

164 2288 274 2369 viginti
296 2288 428 2369 quinque
447 2292 571 2353 merciae
588 2312 687 2371 meos,
708 2303 737 2354 et
759 2302 889 2372 quatuor
904 2291 1042 2353 custodes
1058 2293 1185 2353 Graecos
1200 2288 1258 2349 trio

164 2392 220 2454 bns
232 2390 392 2452 aureisuna
400 2412 491 2454 coena
499 2396 653 2476 nequirem
665 2394 796 2456 reficere.
824 2395 939 2471 Quarta
952 2394 1025 2456 ieris
1037 2393 1132 2476 ipsius
1144 2390 1256 2454 hebdo-

165 2495 268 2556 madae
283 2491 468 2574 Nicephorns
490 2497 779 2579 Constantinopolim
793 2499 960 2578 egreditur,
982 2497 1014 2557 in
1029 2495 1166 2576 Assyrios
1185 2515 1258 2576 pro·

165 2599 308 2658 tecturus.
352 2597 462 2672 Quinta
477 2599 549 2660 feris
569 2601 662 2672 irater
677 2620 750 2660 suus
764 2619 813 2660 me
826 2599 999 2676 aooenivit,
1021 2618 1108 2678 quem
1122 2597 1166 2656 its
1186 2615 1257 2656 con.

165 2700 258 2761 venit.
308 2702 418 2760 Sancto
438 2699 619 2781 Imperatore
642 2705 821 2784 praemisso,
849 2701 931 2764 domi
948 2699 1039 2762 hodie
1057 2695 1257 2778 dispositionis

167 2801 300 2861 eiusdem
324 2821 412 2862 causa
434 2802 571 2879 substiti;
597 2825 680 2866 nnnc
700 2806 727 2866 si
749 2815 780 2866 te
800 2806 943 2864 Sanctum
964 2803 1174 2883 Imperatorem
1204 2799 1256 2859 vi·

167 2903 254 2964 sandi
269 2903 448 2964 desiderium
462 2905 592 2983 obtinet,
614 2909 679 2968 etsi
698 2908 874 2987 quidquam,
893 2901 975 2983 quod
995 2921 1052 2967 nac
1065 2903 1137 2963 dum
1149 2898 1258 2982 prodi·

166 3006 246 3066 deris
260 3004 359 3083 habes,
368 3007 506 3069 edissere.
536 3008 591 3068 Cui
602 3009 740 3088 inquam:
755 3011 817 3069 Neo
830 3008 973 3065 Sanctum
980 3003 1191 3084 Imperatorem
1203 3002 1286 3066 vi=0

168 3107 257 3169 deudi
266 3153 275 3186 ‚
297 3108 412 3170 neerei
427 3111 701 3172 novnanarraudaa
718 3111 813 3171 habco
826 3128 961 3184 musam,
983 3126 1078 3166 unum
1098 3105 1158 3165 hoo
1175 3113 1256 3186 peto,

167 3211 329 3272 seeundum
342 3211 445 3270 Sancti
459 3211 577 3292 Imperii
594 3213 838 3294 promissionem,
865 3219 903 3271 ut
916 3208 1080 3270 chelandiis
1098 3209 1133 3268 in
1154 3206 1257 3268 Anco·

167 3313 304 3374 nitanum
327 3322 449 3392 portum
469 3333 566 3393 usque
587 3315 726 3380 deducar.
778 3315 846 3389 Quo
870 3313 972 3374 audito
995 3313 1042 3389 (ut
1059 3319 1131 3372 sunt
1151 3304 1259 3367 Graeci

167 3436 224 3496 per
236 3424 327 3496 caput
338 3417 460 3479 alterius
475 3437 590 3497 semper
602 3418 700 3478 iurare
718 3417 830 3499 parati)
850 3435 903 3497 per
916 3412 1142 3494 Imperatorium
1156 3417 1258 3488 eaput,

167 3537 224 3598 per
237 3517 329 3579 eitam
344 3519 506 3598 propriam,
525 3539 581 3599 por
594 3518 721 3597 liberos,
744 3539 819 3599 quos
832 3518 912 3577 Deus
924 3516 983 3593 ita,
1004 3523 1040 3574 ut
1051 3531 1155 3574 rmum
1167 3508 1257 3583 dixit,

168 3627 342 3696 conservet,
364 3641 395 3680 se
407 3619 440 3680 id
454 3620 670 3701 completurum
689 3623 789 3682 iurare
806 3618 916 3698 coepit.
959 3615 1015 3676 Cui
1032 3635 1099 3676 cum
1115 3608 1255 3692 quando?

168 3721 315 3798 cicerem,
337 3742 408 3781 mox
423 3721 607 3799 discedente,
631 3722 740 3803 iuquit,
765 3723 960 3801 Imperatore:
982 3713 1153 3793 Delougaris
1167 3709 1256 3784 enim,

166 3803 225 3882 sub
248 3821 333 3883 ouius
357 3843 447 3882 manu
469 3824 591 3884 nemum
613 3833 658 3882 est
679 3822 778 3882 omnis
804 3829 952 3902 potestas,
972 3817 1128 3880 recedente
1143 3815 1253 3872 Sancto

168 3925 367 4004 Imperatore,
389 3943 491 3985 curam
511 3926 557 3986 tui
576 3935 652 4004 aget.
693 3925 758 3985 IIao
774 3945 827 4005 ape
843 3922 1031 3995 ludificatus,
1050 3919 1144 3978 laetus
1162 3916 1198 3975 ab
1218 3932 1255 3972 eo

167 4025 287 4088 racemi.
320 4026 393 4086 Post
403 4036 573 4108 sequentem
586 4047 659 4090 vero
671 4027 759 4104 diam,
775 4026 897 4088 sabbato
911 4024 1035 4099 scilicet,
1047 4021 1082 4082 in
1093 4015 1286 4087 Umbriffld)

202 4225 685 4298 ruminant-'vufflens
