2959 4850
240 282 318 365 45ss
582 295 619 367 C.
638 296 677 367 B.
696 293 813 365 nasu
831 294 983 366 NOTAE

240 454 522 534 excommunicavit,
544 476 566 517 ο
581 456 786 517 communiam
799 454 1003 515 molerimte'oo
1016 458 1184 537 orporeoa't
1225 455 1329 539 Neque

239 544 339 605 minua
359 540 468 622 peeeim
494 552 623 603 erratum
649 551 695 602 eet
715 542 749 601 in
774 541 918 601 vertendo
935 542 1123 602 euhatamho
1143 535 1327 626 ἆφσρισμδς,

186 637 187 641 ’
241 648 328 711 quem
340 647 379 686 ex
396 626 594 708 superioribus
614 635 697 709 patet
714 627 749 686 iu
766 626 855 686 laicia
870 626 1011 687 denotare
1020 629 1225 707 privatiorem
1239 648 1329 689 com-

238 711 389 775 munionis
402 711 622 788 eucharisticae,
643 712 678 771 iu
693 711 809 772 clericia
820 716 1045 791 eueperaoionem
1057 714 1095 773 ah
1108 711 1207 773 officie
1223 713 1329 773 eccle-

238 798 367 859 aiaetico.
398 798 443 857 lta
458 798 590 876 [iurgia
603 800 633 858 8.
648 797 743 858 Marci
760 796 962 857 Alexandrina
979 798 1050 864 135.
1063 798 1099 859 Β.
1115 795 1238 857 loenuea
1255 817 1274 858 a
1292 801 1327 857 S.

239 883 360 943 andrea
373 875 435 945 όπδ
449 872 637 964 όνσθὲματσς
648 880 699 944 καὶ
714 876 887 965 όφορισμσδ
902 882 1011 961 vertit,
1032 882 1072 941 αδ
1087 882 1277 941 maome
1293 895 1325 942 et

239 969 561 1047 excommunicatione,
588 966 706 1028 temetsi
726 966 779 1027 hic
803 967 989 1028 reddendum
1009 976 1099 1045 erat,
1122 971 1322 1047 suspensione.

240 1054 316 1114 Nam
331 1053 368 1112 tle
385 1053 537 1114 sacerdote
556 1073 666 1115 aermo.
708 1054 820 1112 conoe
832 1054 914 1134 apud
926 1055 958 1115 S.
972 1052 1152 1113 Clementem
1164 1052 1328 1132 martyrem

239 1137 556 1218 Gonetitutt.hpoetol.
569 1145 619 1206 27.
632 1138 667 1197 Δ.
680 1133 865 1221 matamoro
878 1133 1045 1222 α’φορισμρῖ,
1066 1138 1231 1197 Gentianae
1244 1138 1328 1198 Her-

213 1238 215 1243 ·
239 1233 326 1284 actua
350 1222 543 1304 simpliciter,
571 1224 750 1300 muletetur,
778 1223 861 1302 quod
874 1224 977 1283 ealteua
991 1222 1233 1303 amplificandum
1250 1233 1324 1296 erat,

236 1328 395 1368 carrorum
409 1311 619 1387 mysteriorum
631 1310 820 1388 aparatione
833 1310 938 1368 mulct-
974 1300 1157 1390 ’Λφορισμός
1163 1307 1245 1388 apud
1256 1306 1326 1368 rhe-

237 1402 318 1454 torea
340 1393 414 1473 quid
430 1394 488 1471 ait,
511 1394 622 1475 optime
642 1393 782 1474 exposuit
801 1393 918 1455 Ernesti
932 1392 1041 1453 Lexico
1056 1392 1157 1456 techn.
1174 1392 1250 1457 rhet.
1272 1394 1325 1459 62

209 1478 273 1542 BB.
300 1478 400 1553 Quare
420 1478 453 1538 iu
471 1478 781 1540 vereionelieiakiaua
797 1476 872 1538 haec
889 1476 1268 1559 Dionyeiiflalic.1udicio
1286 1478 1326 1537 de
1456 1490 1465 1507 ⁰

236 1565 319 1624 leaeo
333 1562 369 1623 V.
382 1565 453 1633 697.
469 1562 565 1644 ηδέως
579 1585 610 1625 τι
623 1560 676 1625 ml
688 1557 890 1646 ἆφορισιιιιός
901 1559 939 1625 νδ
953 1559 1025 1644 petii
1040 1567 1134 1625 aerim
1148 1562 1324 1639 ἐπιτίθεται,

237 1648 337 1709 minua
353 1658 431 1728 apte,
452 1648 569 1728 opinor,
590 1648 769 1725 redduntur,
790 1651 929 1706 euoviaer
942 1660 971 1706 et
986 1647 1138 1711 damete.
1173 1648 1249 1707 llam
1264 1646 1325 1706 hoc

187 1730 190 1739 '
238 1732 392 1811 quideme
409 1731 581 1794 rhetoribue
596 1732 716 1792 Graecia
735 1732 847 1793 elicitur
865 1728 1026 1816 σόιρινσδς·
1053 1726 1252 1822 όφοριστιιιοῖς
1265 1752 1325 1791 au·
1417 1740 1425 1758 ⁰

236 1826 297 1877 tem
317 1817 495 1877 vertendum
518 1828 562 1877 eet
578 1818 780 1895 membratim,
810 1818 937 1878 concieie
954 1818 1153 1899 brevibuaque
1171 1816 1323 1893 membrie,

238 1904 414 1979 imccmeexe,
441 1912 477 1963 ut
496 1903 537 1963 ait
558 1903 682 1963 Grotius
703 1904 742 1963 ed
759 1902 929 1966 Eccleeiael.
949 1902 988 1963 11.
1001 1908 1033 1970 6.
1051 1904 1127 1978 eive,
1148 1912 1184 1963 ut
1202 1903 1324 1964 Cicero-

238 1987 332 2047 niano
350 1988 441 2048 verbo
453 1998 536 2063 utar,
560 1990 671 2066 inciae,
690 1988 829 2049 hrenhue
842 1989 961 2064 ineieie,
983 1990 1103 2069 fereque
1115 1987 1148 2046 id
1163 1988 1243 2067 quod
1261 1988 1322 2047 Ba·

237 2071 333 2150 ailiue,
347 2071 507 2133 echoliaeta
522 2092 575 2139 me.
590 2076 620 2133 S.
631 2074 765 2153 Gregorii
777 2074 955 2134 liaaienaeni
965 2074 1035 2133 luce
1053 2074 1250 2152 digaieeimue,
1265 2094 1321 2135 πε·

237 2152 358 2238 ριόδους
373 2151 551 2233 ἆσυνδέιοος
565 2157 616 2221 καὶ
630 2152 794 2233 αόιοτελεῖς
807 2159 882 2219 eolet
895 2160 1054 2238 appellare.
1081 2158 1155 2218 Iade
1168 2158 1322 2237 explican-

236 2239 308 2301 dum
326 2244 564 2322 Etymologicum
582 2264 719 2323 magnum
735 2249 806 2312 296.
820 2247 870 2311 60.
885 2244 936 2304 uhi
951 2239 1011 2307 aler
1028 2242 1140 2303 dicitur
1152 2262 1216 2303 esee
1233 2241 1321 2324 ἐπίρ-

234 2326 316 2409 ρημα
330 2324 539 2411 όφυρισνιιιόν·
563 2330 644 2411 quod
658 2348 764 2411 nempe
777 2348 876 2410 perae
889 2331 989 2411 ipeuau
1003 2327 1119 2409 effingit
1131 2347 1250 2389 aeneum
1266 2328 1321 2386 ab·

234 2413 378 2475 eolutum.

318 2496 397 2562 Ibid.
419 2497 473 2560 lin.
495 2505 545 2566 22·
566 2503 627 2562 mio
641 2502 681 2584 τῇ
695 2498 763 2584 ῑιρρῖ
776 2492 858 2585 νόσῳ
870 2493 1055 2643 repeirri?
1080 2498 1179 2560 Vertit
1192 2497 1320 2558 Combe-

233 2580 335 2661 fieiue,
355 2603 455 2644 eorum
468 2587 622 2664 quieuere
636 2584 737 2643 morbo
751 2584 938 2660 laborarent,
958 2597 1022 2644 uta
1045 2605 1079 2643 eo
1091 2584 1273 2662 intelligatur
1283 2583 1321 2642 (le

233 2667 338 2727 morhc
356 2669 505 2728 comitiali.
537 2670 639 2748 Neque
651 2668 774 2730 hercule
786 2670 943 2730 immutare
953 2691 988 2730 ea
1000 2669 1121 2748 quidem
1134 2688 1224 2728 aueua
1238 2688 1320 2727 eum:
1338 2723 1342 2730 .

234 2753 352 2812 tametei
364 2755 498 2814 Valeeiue
513 2753 551 2813 ad
571 2754 675 2817 Eueeb.
691 2755 961 2816 Histor.hccl.1V.
979 2761 1028 2821 19.
1053 2753 1113 2814 iam
1135 2754 1319 2813 demonelra·

140 2835 144 2844 '
234 2836 294 2914 rit,
316 2857 402 2918 aaepe
416 2835 500 2922 ἱερόν
516 2833 610 2903 νόσον
625 2839 752 2918 intelligi
773 2840 879 2900 debere
895 2839 933 2902 δα
945 2839 1028 2919 lepra
1048 2849 1101 2898 aut
1118 2837 1320 2919 elephantiaci.

206 2922 493 3004 OSoriptoribueque
506 2924 549 2984 ibi
563 2925 692 2986 laudatio
701 2925 772 2986 eddi
782 2935 907 3005 poemat
919 2927 950 2985 S.
958 2927 1085 2986 loannea
1094 2922 1321 3004 Chryeoetomue

235 3009 320 3069 Orat.
336 3009 379 3068 De
395 3009 576 3090 poenitentia
592 3005 650 3076 Vl.
664 3017 735 3080 912.
756 3014 807 3077 87·
827 3007 900 3084 νοός
911 3007 974 3074 rimi
987 3013 1043 3090 τῆς
1059 3010 1142 3092 ἱερᾶς
1156 3005 1250 3072 νόσου
1263 3031 1321 3070 παι
1343 3043 1348 3051 ·

233 3090 440 3172 συνεσομένους,
463 3087 508 3156 aiv
524 3091 562 3158 mi
580 3095 652 3176 μέλη
674 3092 735 3179 πρό
757 3101 812 3158 roei
829 3090 967 3164 θανᾶτου
985 3097 1027 3182 τῇ
1047 3097 1088 3180 γῇ
1105 3095 1320 3175 παραδίδοται·

233 3175 408 3255 Δοοογοιοσ
432 3178 499 3239 Vita
526 3179 728 3258 Chryeoetomi
754 3179 834 3241 Vlll.
854 3184 926 3247 836.
946 3185 997 3248 29.
1024 3180 1105 3239 οοδο
1125 3179 1218 3259 paulo
1232 3178 1320 3259 plura

234 3261 416 3339 execriham,
434 3281 510 3343 quae
525 3265 609 3342 quael
622 3264 758 3324 echolion
770 3265 916 3327 vocabuli
931 3261 1009 3346 δορός
1019 3284 1082 3324 eaee
1095 3274 1235 3345 poscunt:
1257 3261 1322 3325 Eoi·

233 3345 330 3428 ρίσκει
349 3343 434 3422 τινός
447 3379 490 3394 -
503 3345 561 3429 τὴν
581 3345 664 3430 ἱερόν
684 3347 872 3430 καλουμένην
886 3349 1109 3432 περικειμένους
1120 3342 1228 3425 νόσον,
1248 3343 1320 3410 σαό-

232 3453 288 3510 την
301 3427 359 3512 τὴν
375 3437 579 3518 προσηγορίαν
596 3437 655 3496 τοῦ
668 3428 807 3497 τοισότου
823 3431 965 3515 λαχόντος
983 3431 1167 3515 νοσήματος,
1188 3429 1270 3515 παρδ
1284 3429 1321 3495 τό

231 3519 334 3578 πᾶσαν
349 3512 551 3602 ἀνθρωπίνην
568 3513 728 3601 συμφοράν
742 3541 774 3581 τε
787 3519 838 3581 eol
852 3515 1001 3601 ἀλγηδόνα
1016 3524 1115 3605 oonpr-
1153 3513 1241 3581 Οότο
1261 3513 1300 3600 pai

231 3599 283 3662 ael
305 3607 367 3676 τοῖς
387 3603 443 3678 ἔξω
458 3599 492 3668 τό
512 3601 592 3686 ἱερόν
617 3601 684 3668 α’ντὶ
708 3600 836 3686 μιγόλοο
858 3607 1070 3687 παρείληπται·
1092 3599 1172 3685 ἱερόν
1188 3599 1245 3686 γόρ
1267 3541 1321 3664 rei

232 3681 339 3764 ἰγθδν,
363 3683 413 3750 τόν
425 3687 518 3772 μέγαν
532 3691 635 3771 φασίν.
676 3691 829 3750 Facillime
842 3688 1118 3770 autem'propogari
1135 3687 1219 3748 huuc
1236 3709 1321 3747 moa-

230 3767 302 3828 bum
318 3771 359 3830 ait
373 3781 491 3850 auctor,
514 3769 689 3859 ἕρποστιαόν
703 3798 732 3838 τι
744 3769 883 3839 εἶναικαὶ
896 3770 1092 3856 parsimonie
1101 3772 1153 3836 tul
1164 3769 1236 3846 νοός
1249 3792 1319 3834 συν·

230 3850 405 3936 διάγοντας·
428 3859 497 3919 ideo
518 3881 553 3920 eo
575 3860 697 3920 effector
723 3861 844 3941 oppidia
864 3861 990 3941 expelli,
1016 3858 1185 3940 paaaimque
1207 3866 1319 3917 etratoe

231 3957 294 3998 eeae
308 3959 364 4018 per
378 3941 486 4003 itinera
502 3939 552 4008 oie
565 3941 690 4026 νενιρσδςΙ
703 3939 854 4024 ἆτόφοος,
873 3939 1038 4026 ιιινοόμσνο
1052 3944 1193 4022 λείψανα,
1212 3941 1320 4024 ἕρπον·

230 4047 267 4086 ια
286 4019 481 4105 σκηνόμαοα,
502 4027 639 4112 λογινοδς
653 4023 837 4111 ἀνθρώπους
851 4027 961 4110 φωνην
980 4025 1124 4108 όφιὲντας
1144 4026 1317 4109 ἅναρθρον·

229 4109 326 4189 iisque
347 4111 377 4169 S.
400 4110 644 4192 Chryaoatomum
662 4114 761 4175 locum
782 4115 925 4176 idoneum
949 4111 1129 4174 conceeaiaae
1152 4133 1220 4172 cam
1240 4131 1320 4191 eque

230 4195 481 4274 praeterlabente,
502 4195 632 4280 repeirri
650 4196 721 4273 τούς
742 4191 805 4263 οἷπδ
824 4204 886 4264 σοῖν
903 4193 1080 4281 τραομόιιον
1098 4191 1318 4277 &nominique

230 4271 357 4360 ρόπυυς.
397 4281 481 4358 Quae
497 4283 598 4346 omnia
609 4282 731 4346 minime
748 4285 855 4347 cadere
872 4284 1016 4348 videatur
1030 4283 1064 4342 io
1077 4281 1213 4343 hominu
1234 4301 1302 4341 mor
1401 4349 1410 4363 ,
