2959 4850
216 282 293 356 348
516 284 781 357 LUITPRANDI
800 284 997 355 mettio

216 446 359 530 Sophiam
369 442 559 526 ingreditur,
584 445 713 505 dominis
729 444 791 505 auia
809 444 1041 526 tmpmtontus
1054 437 1094 505 'ae
1115 465 1134 505 a
1151 444 1240 524 longe
1255 464 1305 507 eo·

215 550 389 630 quentibue,
407 558 437 609 et
451 548 485 607 in
496 548 579 629 pacis
593 548 696 608 osculo
712 548 751 607 ad
766 556 878 609 terram
888 566 981 627 neque
996 546 1198 609 adorantibus.
1239 546 1305 607 Ar—

185 652 310 731 Drniger
321 650 410 713 huius
421 650 527 730 sagitta
542 650 654 729 aninmo
670 648 803 709 imminet
822 651 929 710 Aerem
947 647 990 729 ¹²)
1011 650 1044 707 in
1062 648 1194 710 Ecclesia
1208 648 1305 729 ponit,

177 770 183 775 ·
214 742 289 837 quae
308 752 517 834 prosequitur,
541 770 599 832 quo
621 752 765 812 nimirum
784 760 919 832 tempore
939 750 1087 831 imperare
1105 750 1253 829 eoeperit,
1274 758 1306 809 et

213 857 258 917 aio
279 856 403 933 Aerem,
425 853 529 935 quiid
550 872 612 911 non
632 853 793 930 viderunt,
823 852 1006 931 intelligunt.
1046 852 1111 912 Hac
1131 852 1233 911 eadem
1254 851 1304 911 die

78 964 82 970 “
213 958 372 1019 convivam
389 976 437 1017 nae
458 956 516 1016 eibi
531 975 592 1015 eaee
606 954 701 1015 iussit.
742 954 813 1015 Non
829 964 911 1015 ratna
930 964 1031 1014 autern
1043 973 1092 1013 me
1106 954 1227 1034 dignum
1242 974 1305 1014 esee

100 1040 103 1047 Ι
214 1060 345 1141 cuipiam
360 1078 481 1121 suorum
496 1057 641 1141 praeponi
656 1058 832 1134 Procerum,
854 1058 977 1137 quintus
992 1056 1124 1117 decimus
1139 1058 1177 1115 ab
1188 1076 1223 1117 eo
1234 1056 1324 1133 abs-¹

213 1182 270 1243 qne
285 1182 418 1243 'gaueape
438 1162 519 1241 eedi3
542 1180 675 1221 meorum
689 1178 783 1226 nemo,
791 1160 936 1220 uomitum
948 1178 1010 1219 uon
1023 1158 1092 1218 dioo
1109 1158 1209 1217 solum
1221 1176 1303 1217 inen-

214 1284 264 1325 eee
276 1285 338 1324 non
352 1264 476 1342 nestit,
498 1264 551 1324 aeri
565 1283 663 1344 neque
677 1262 817 1340 domum,
838 1264 872 1322 in
886 1282 945 1342 qna
959 1262 1086 1322 conviva
1101 1281 1195 1338 mur,
1215 1260 1303 1321 vitii.

211 1363 284 1444 Qua
298 1366 332 1427 in
346 1386 438 1427 coena
452 1364 596 1446 temporis
616 1366 703 1443 aeus,
726 1375 757 1424 ot
768 1365 933 1436 obscoena,
953 1364 1103 1423 ebriorum
1117 1384 1215 1438 more,
1237 1362 1304 1421 oleo

212 1468 359 1547 delibuta,
388 1469 503 1547 alioque
528 1466 659 1547 quodam
684 1466 843 1528 deterrimo
873 1467 1003 1548 pierium
1031 1467 1149 1546 liquore
1175 1484 1303 1545 asperso,

213 1570 309 1629 inulte
330 1590 420 1651 super
444 1570 579 1651 potentia
600 1579 715 1648 vestm,
744 1570 838 1629 multa
858 1588 948 1649 anper
971 1568 1081 1648 Regnie
1107 1578 1138 1628 et
1159 1567 1304 1627 militibus

183 1680 263 1734 Esne
282 1672 411 1751 rogavit.
451 1670 509 1731 Cui
530 1690 598 1731 eum
613 1682 827 1753 consequenter
846 1671 1197 1752 etverereaponderemr
1217 1688 1303 1729 men·

210 1774 298 1853 tirio,
320 1774 382 1835 ait:
405 1772 519 1833 domitii
538 1774 583 1833 tui
595 1774 704 1836 milites
722 1776 876 1856 equitandi
894 1773 1009 1853 ignari,
1028 1773 1174 1854 pedeotrie
1188 1790 1306 1853 pugnae

212 1885 283 1935 eunt
302 1874 405 1955 inaoii,
428 1888 579 1939 acutorum
600 1877 788 1958 magnitudo,
809 1879 973 1939 loricarum
990 1875 1165 1956 gravitudo,
1186 1872 1302 1936 ensium

212 1976 384 2056 longitudo,
405 1982 614 2061 galearumque
632 1981 753 2062 pondua
771 1990 879 2041 neutra
898 1990 985 2062 parte
1001 2000 1052 2041 eoa
1070 1998 1203 2059 pugnare
1220 1976 1303 2054 sinit,

212 2078 249 2139 a'o
262 2080 432 2159 subridens,
454 2084 593 2165 impedit,
612 2083 727 2163 inquit,
749 2103 799 2143 eoe
811 2092 842 2143 et
855 2082 1073 2163 gastrimargia,
1094 2080 1154 2141 hoc
1168 2088 1214 2139 eet
1227 2098 1302 2138 ven·
1382 2118 1389 2128 ·

210 2181 267 2243 tria
282 2182 451 2263 ingluvies,
480 2206 608 2265 quornm
621 2186 700 2247 Deua
720 2194 827 2245 ventes·
843 2194 903 2263 eet,
924 2204 1052 2264 quorum
1073 2183 1212 2258 andacia,
1234 2201 1304 2239 ora·

97 2288 128 2377 P:
145 2282 196 2343 481
212 2284 305 2365 pula3
326 2285 490 2365 fortitudo,
512 2289 654 2367 ebrietes,
675 2288 837 2364 ieiunium,
860 2287 1033 2364 diuolufin,
1054 2304 1167 2367 paror,
1187 2280 1305 2341 aubrie·

104 2355 162 2409 ω·
179 2356 195 2409 ¹
212 2396 267 2449 tna.
309 2388 370 2448 Nec
389 2398 433 2450 est
447 2390 482 2450 in
501 2392 577 2452 mari
596 2390 716 2453 domino
736 2400 792 2452 tuo
810 2390 949 2451 eleusium
962 2407 1112 2451 nunnus.
1153 2384 1305 2463 Navigan-

211 2489 289 2550 tium
308 2490 454 2552 fortitudo
467 2493 542 2554 milri
557 2495 614 2556 ooli
634 2495 729 2572 ineat,
751 2495 805 2575 qui
819 2513 887 2554 eum
900 2495 1044 2554 oleosibne
1057 2489 1211 2570 aggrediar
1224 2485 1304 2547 bello

210 2590 375 2651 maritimae
387 2592 450 2654 eins
466 2595 602 2658 civitatee
616 2596 768 2674 demoliar,
790 2605 821 2656 et
833 2615 910 2676 quae
920 2594 1095 2656 fluminibus
1108 2600 1180 2652 eunt
1191 2591 1304 2665 vicina,

208 2693 341 2773 redigam
354 2693 388 2755 in
405 2695 546 2762 favillam.
591 2697 683 2776 Quia,
703 2700 791 2777 cedo,
811 2697 888 2758 mihi
901 2699 989 2760 οῆαω
1006 2698 1039 2756 in
1055 2704 1135 2755 terra
1148 2695 1304 2773 oopiaruan

208 2796 361 2879 paucitate
381 2797 518 2860 reaietere
534 2801 667 2881 poterit?
693 2801 773 2862 filino
795 2821 859 2860 non
878 2801 980 2861 affuit:
1006 2817 1087 2858 uxor
1107 2815 1170 2855 non
1191 2792 1302 2866 defuit,

210 2899 356 2976 διιοιιω,
379 2900 486 2978 Suevi,
511 2901 653 2980 Baioarii,
682 2903 779 2966 ltelioi
806 2924 909 2964 omnes
929 2923 1000 2964 oum
1018 2921 1056 2960 eo
1076 2898 1242 2972 affuerunt,
1271 2905 1304 2955 et

178 3031 190 3044 ·
210 3019 280 3060 cun
297 3001 482 3064 civitatulam
502 3023 592 3066 unam
611 3004 667 3066 eibi
689 3006 874 3067 resistentem
893 3023 1000 3086 capere
1016 3001 1181 3076 nescirent,
1209 2999 1302 3058 immo

210 3104 386 3183 nequirent,
411 3107 559 3184 quomodo
578 3108 653 3168 mihi
672 3108 813 3169 resistent
833 3105 988 3169 venienti?
1022 3124 1111 3184 quem
1131 3112 1178 3163 tot
1196 3099 1301 3180 copiae

209 3215 449 3286 prosequuntur,
482 3209 628 3288 Gargara
652 3223 726 3290 quot
754 3223 880 3292 negatae,
913 3219 988 3290 quot
1016 3207 1107 3266 hahet
1127 3202 1302 3280 Methymna

210 3327 361 3380 raoanoo,
390 3307 473 3386 Quot
491 3305 611 3371 coelum
631 3313 743 3373 Stellae
750 3359 759 3390 ,
789 3325 863 3394 quot
882 3315 971 3373 Mare
990 3315 1025 3370 in
1040 3309 1177 3391 flatibus
1189 3303 1301 3365 undae.

211 3409 268 3468 uui
293 3429 362 3470 oram
387 3411 584 3492 respondere,
597 3439 600 3449 ·
613 3424 643 3475 et
665 3415 893 3495 Apologetionm
917 3413 1041 3492 dignum
1064 3409 1220 3470 inflatione
1243 3408 1302 3468 hau

182 3513 348 3572 Bevomere
359 3513 468 3573 vellem
482 3535 545 3574 non
557 3516 707 3596 permitit3
730 3517 787 3578 -aed
799 3515 909 3578 adiecit
922 3515 1006 3596 quasi
1019 3513 1059 3573 ad
1073 3510 1303 3573 contumeliam:

208 3634 264 3676 voa
282 3609 327 3697 ¹⁷)
353 3633 416 3674 non
433 3615 576 3696 Romani,
598 3619 650 3679 sed
670 3619 859 3698 Longobardi
881 3618 962 3678 estio.
1005 3615 1062 3676 eui
1083 3613 1183 3680 adiano
1202 3611 1304 3672 dioere

209 3699 339 3793 volenti,
359 3727 392 3777 ot
413 3737 505 3779 mann
523 3727 559 3778 ut
578 3715 709 3781 tacerem
723 3721 877 3796 innuenti,
899 3727 1065 3779 commonia
1078 3717 1215 3796 inquam:
1237 3715 1302 3774 Ro-

155 3891 161 3898 ·
209 3820 327 3880 mulum
345 3819 545 3900 fratricidam,
568 3843 607 3884 ex
628 3841 689 3904 quo
710 3832 740 3882 et
761 3821 888 3883 Romani
906 3820 981 3882 dicti
1001 3829 1088 3898 sunt,
1107 3818 1304 3900 porniogeni-

245 4001 294 4072 16)
310 4001 351 4056 it
367 4005 458 4056 Aram.
477 4004 555 4058 Gan.
606 4006 655 4074 17)
672 4008 715 4060 Ex
733 4007 828 4060 Nioota
849 4005 987 4072 utonem,
1005 4005 1180 4075 manto,
1196 4008 1223 4055 at
1240 4000 1302 4052 altis

277 4079 365 4126 notum
382 4079 429 4138 on,
448 4073 559 4128 Graeooo
581 4091 674 4128 nomen
689 4079 863 4129 Romanorum
879 4077 929 4127 aits·
943 4077 1077 4150 poprium
1093 4074 1198 4141 secuse.
1233 4069 1302 4122 Hine

271 4145 391 4209 sautum,
413 4149 443 4195 ut
461 4142 617 4197 Grueoorurn
636 4147 751 4200 hostiiua
765 4163 859 4198 men
874 4145 1049 4198 Remum
1064 4151 1120 4198 tour
1136 4141 1227 4193 tonitr
1240 4143 1302 4206 see·

141 4212 145 4226 ‘
276 4211 514 4336 Ἑτεθᾶιιὶρᾶξω
531 4214 626 4269 Groeoi
641 4227 670 4269 se
684 4217 751 4272 aotoa
767 4214 914 4284 Romam,
930 4216 1041 4286 atquo·
1056 4229 1117 4269 ooro
1132 4210 1242 4265 betium
1255 4223 1301 4260 vo·
