2959 4850
234 280 309 355 43⁰
577 288 615 361 C.
636 290 670 357 B.
692 286 810 357 nanu
828 288 982 357 NOTAE

231 450 274 511 sil
290 449 448 525 origenem
469 452 521 515 70.
541 446 575 508 B.
596 445 770 529 αίπίρμαχαν
784 445 860 529 ἔχων
879 441 972 512 etsta
990 445 1046 512 τίν
1063 442 1277 529 inmutare·
1296 463 1328 513 st

233 539 339 598 Petrus
355 535 476 594 Siculus
495 534 627 593 Historia
644 533 888 593 Manichaeorum
905 540 958 600 70.
974 534 1010 593 Δ.
1028 536 1131 594 Potina
1146 545 1247 595 tamen
1263 557 1328 597 crc-

234 624 322 696 dam,
344 623 472 679 Leonem
487 640 561 678 voce
576 640 712 698 perversa
727 640 790 679 csse
803 638 907 692 nsum,
930 638 1020 697 quarn
1034 630 1208 700 corruptam
1220 642 1284 681 esse
1297 632 1328 682 at

233 706 425 788 αίπίρμαργον
440 704 637 767 scribendum.
678 702 865 785 ‘Tasppoze'o
884 712 980 761 autern
1000 704 1060 763 viri
1076 705 1159 764 docti
1176 718 1258 766 reeta
1272 706 1328 765 sni·

234 804 342 853 rantur
364 790 496 849 construi
512 808 581 849 oum
595 790 767 848 accusativo
785 810 803 846 a
821 790 954 846 anisno
975 790 1126 851 Revisiac.
1142 791 1166 850 l.
1183 793 1256 857 593.
1273 792 1326 859 42.

233 882 322 940 satiro
334 869 512 956 ιίπερμαίχεν·
535 894 631 953 nequa
644 872 717 933 mihi
730 875 826 932 ullum
839 874 902 933 eius
917 875 1148 935 constructionis
1157 876 1326 955 exemplum

234 982 266 1021 ss
282 962 407 1020 obtulit:
423 980 492 1019 nam
506 960 539 1017 in
553 960 605 1018 illo
619 962 648 1018 S.
663 959 766 1018 Basilii
774 959 873 1037 magni
889 958 983 1037 Epist
1000 980 1119 1023 eamr.
1137 961 1173 1019 ll.
1188 966 1278 1025 1017.
1288 962 1323 1023 C.

233 1044 1325 1212 ttttlllttttttlttttt‘tttttttt“tt'‘“ltttttttttt

231 1217 351 1275 videtur
374 1235 444 1274 esse.
494 1216 568 1275 Cum
590 1211 690 1273 dativo
714 1215 826 1295 passim
853 1216 1038 1273 construitur
1061 1236 1131 1275 cnm
1153 1237 1170 1273 a
1194 1215 1325 1293 tragicis,

231 1310 298 1361 turn
312 1298 391 1379 apud
408 1301 518 1359 Patres.
550 1303 579 1359 S.
594 1300 720 1359 Basilius
737 1302 778 1358 lle
792 1320 862 1359 vera
880 1299 1042 1375 virginitat.
1064 1300 1089 1361 I.
1106 1304 1176 1366 608.
1192 1301 1223 1357 G.
1237 1298 1327 1379 α’περ-

232 1378 1071 1551 att.“instarirestitere
1084 1385 1327 1529 ttrite

235 1556 328 1615 octies
347 1556 482 1634 sequenti
495 1556 635 1633 genitivo,
642 1496 696 1618 lie
708 1555 768 1615 vita
782 1555 873 1615 Masis
885 1556 910 1615 l.
926 1562 995 1621 172.
1010 1554 1046 1615 Δ.
1060 1564 1090 1613 et
1105 1516 1177 1622 2115.
1192 1557 1225 1613 ί).
1247 1554 1325 1614 Con-

236 1650 284 1700 tra
298 1640 478 1699 Eunomium
499 1640 535 1701 ίί.
560 1642 629 1707 142.
648 1641 678 1700 C.
707 1642 749 1699 lle
770 1650 872 1699 sancta
893 1642 1040 1699 Trinitato
1058 1644 1131 1705 439.
1146 1642 1178 1699 C.
1200 1640 1237 1699 In
1255 1640 1325 1699 lan-

237 1725 303 1785 dem
321 1725 422 1785 fratris
441 1726 542 1783 Basilii
563 1731 634 1792 916.
654 1726 686 1787 Β.
716 1726 859 1785 Oratione
879 1725 996 1785 suaebr.
1014 1724 1051 1784 de
1064 1726 1186 1784 Placilla
1200 1728 1272 1791 981.
1287 1727 1324 1787 Β.

91 1875 94 1883 ,
237 1811 347 1869 Contra
364 1810 490 1870 Ennom.
506 1810 552 1869 lll.
577 1816 647 1876 126.
663 1811 696 1871 C.
715 1819 746 1870 et
761 1812 833 1876 158.
849 1811 879 1872 G.
902 1820 937 1869 ut
953 1811 1029 1869 sileo
1051 1810 1198 1889 suspicari
1218 1810 1323 1889 possis,

119 1905 151 1961 Ρ.
167 1906 220 1963 208
234 1896 303 1955 loco
317 1896 372 1967 illo
389 1896 543 1974 superiore
559 1896 694 1954 dativum
710 1916 810 1955 errore
825 1896 971 1955 librarioli
983 1896 1146 1975 irrepsisse.
1182 1895 1257 1954 Cum
1270 1916 1323 1974 gs-

231 1981 327 2042 nitivo
342 1982 500 2060 copulatur
516 1981 547 2038 in
561 1981 628 2041 loco
641 1992 782 2061 corrupto
797 1981 921 2039 Concilii
931 1980 1051 2039 Nicaeni
1065 1980 1088 2038 Ι.
1102 1981 1174 2046 424.
1189 1980 1279 2064 Axnj
1290 2002 1323 2043 τι

231 2062 307 2147 πρὸς
319 2063 401 2145 ἡμᾶς
418 2059 462 2127 ta'
475 2065 659 2144 ὑποκρίσεως
674 2062 728 2129 τόν
742 2064 838 2147 ἄνδρα
852 2070 907 2128 τοῦ
920 2067 1021 2129 δοκεῖν
1033 2060 1120 2133 εἶναι,
1135 2064 1186 2127 καί
1197 2070 1252 2143 τῆς
1261 2070 1323 2127 ταῖν

232 2152 378 2217 ἐναντίων
404 2154 574 2229 σνμφαρίας
599 2152 743 2234 γενναίως
766 2149 1014 2231 ὑπερμαχοῦντες.
1064 2150 1124 2207 Ubi
1148 2150 1321 2209 Bardaicus

232 2237 351 2317 quidem
366 2235 456 2294 scribi
472 2237 553 2312 vult,
575 2240 620 2322 πῇ
633 2259 663 2299 τε
679 2234 757 2319 πρός
771 2234 853 2316 ἡμᾶς
865 2246 895 2295 et
908 2229 1125 2315 ὖκερμᾶχαντα.
1166 2236 1224 2293 Sed
1239 2234 1323 2314 quod

232 2323 380 2402 sequitur,
405 2319 456 2381 καί
470 2326 523 2399 τῆς
538 2325 598 2383 τῶν
613 2321 766 2397 ἐναντίων,
787 2321 857 2380 satis
872 2323 1002 2380 ostendit
1013 2320 1169 2398 legendum
1187 2340 1248 2379 esso
1265 2324 1322 2400 τῆς

228 2429 261 2470 τε
277 2400 350 2486 sapie
364 2402 453 2486 ἡμᾶς.
494 2408 646 2467 Praeterea
668 2407 776 2480 miror,
799 2407 943 2468 Harduin.
965 2406 1118 2486 scripsisse
1137 2399 1321 2487 ὖπερμᾶχαν-

229 2491 751 2657 tat:3:31..522.·t;¹3¹¹t.t'5.t
759 2511 1110 2660 tttttffi‘tttt‘
1109 2511 1127 2550 ⁰
1135 2509 1251 2634 58.ίῖ
1252 2513 1321 2634 ‘tt

230 2669 376 2742 qnoniam
391 2665 440 2721 νίν·
456 2665 508 2720 ille
522 2683 579 2741 per
597 2663 822 2721 simulationem
840 2661 1001 2721 videbatur
1016 2673 1139 2720 nostrae
1159 2663 1322 2720 ualentiae

119 2779 126 2806 ι
230 2769 304 2826 esse,
322 2757 350 2804 rt
361 2758 460 2805 tomen
472 2769 530 2827 pro
549 2745 797 2806 adversariorum
805 2749 954 2855 partibus
956 2750 1087 2825 fortiter
1093 2746 1321 2826 propugnabat.
1364 2748 1370 2755 ’

313 2835 393 2912 Pag·
415 2836 464 2899 39.
489 2833 549 2890 lin!
566 2839 594 2898 2.
616 2828 689 2896 ὅσον
707 2829 741 2896 τό
762 2833 800 2896 ίαν
833 2831 957 2916 ἐκείνῳ]
987 2833 1024 2891 ln
1047 2833 1157 2891 Codice
1173 2831 1322 2911 scriptum

230 2925 288 2994 est,
311 2912 385 2980 ὅσον
401 2921 459 3002 τῷ,
484 2938 654 2998 perperam:
676 2918 746 2978 vide
773 2939 846 2997 quae
874 2918 1044 2978 observavit
1063 2918 1113 2977 vir
1137 2918 1322 2976 acutissimus

108 2991 115 3006 ’
229 3003 713 3079 ¹AngustusltlattlsiseGrssnmat.
729 3004 832 3063 Graec.
848 3009 918 3070 282.
934 3004 967 3062 Β.
995 3004 1068 3062 Nam
1091 3003 1172 3082 apud
1193 3004 1225 3064 S.
1244 3000 1322 3080 Epi-

229 3085 374 3168 plsanium
388 3089 538 3147 Ancorato
552 3089 587 3147 ll.
605 3091 653 3156 14.
672 3091 702 3149 C.
721 3089 831 3167 legitur
847 3089 964 3167 quidem
978 3088 1115 3147 similitor
1131 3083 1204 3150 ὅσον
1219 3091 1261 3148 roi
1273 3078 1320 3148 ἐπ’

230 3165 402 3256 ἀνθρώπῳ,
423 3172 475 3231 sed
497 3173 539 3232 ibi
559 3195 678 3252 quoque
699 3171 732 3236 τὸ
751 3175 961 3252 corrigendum
984 3183 1046 3249 est,
1066 3173 1146 3231 sicut
1160 3172 1218 3231 iarn
1236 3151 1319 3251 iputl

232 3257 357 3314 eundem
372 3258 546 3336 impressoria
564 3279 633 3316 cum
649 3259 719 3317 alibi
733 3268 817 3317 extat
838 3269 900 3318 tuns
915 3260 993 3318 libro
1006 3258 1156 3317 Adversus
1170 3254 1319 3318 hamesl.

202 3345 304 3407 13609.
327 3339 360 3404 Α.
381 3337 453 3404 ὅσον
472 3338 506 3404 τί
522 3336 590 3403 κατ’
603 3337 704 3406 αὐτόν.
736 3343 858 3403 Inversa
878 3345 984 3403 ordine
1002 3341 1318 3422 IosephusAntiquit.

227 3427 340 3486 ludria.
354 3429 424 3494 655.
439 3429 470 3487 C.
488 3423 522 3490 cti
537 3423 610 3490 ὅσον
624 3423 676 3490 ἐπ’
687 3421 802 3502 αὕτοῖς·
826 3429 960 3487 Clemens
972 3427 1190 3495 Alexandrinos
1206 3427 1320 3486 Admo—
1405 3455 1414 3468 ·

158 3573 167 3582 ,
226 3512 343 3572 uitione
357 3515 395 3572 ad
408 3523 486 3592 gent.
504 3519 553 3580 37.
571 3514 603 3572 C.
618 3511 652 3576 rb
665 3508 738 3576 ὅσον
750 3507 806 3592 ἐφ’
819 3511 908 3592 alpis·
930 3524 960 3574 et
974 3513 1133 3590 Paedsgog.
1148 3512 1219 3578 248.
1236 3513 1268 3570 C.
1283 3505 1319 3572 ταί

174 3590 176 3600 ’
226 3591 301 3660 ὅσον
321 3591 372 3660 tn’
402 3593 516 3672 ααίααῖς.
560 3599 651 3678 quue
669 3599 849 3659 adieetivnna
873 3593 942 3672 ὅσος
966 3617 1036 3656 cum
1058 3598 1258 3677 perelegantes
1284 3595 1319 3654 in

225 3683 308 3742 omni
324 3703 429 3762 genere
446 3683 674 3764 significationes
689 3684 811 3760 habeat,
833 3683 943 3743 nauum
957 3703 1020 3741 non
1035 3692 1094 3757 est,
1115 3683 1147 3741 in
1169 3701 1204 3740 eo
1223 3699 1320 3760 expo·

123 3772 128 3784 '
225 3767 325 3827 nendo
352 3771 460 3830 multos
482 3791 591 3850 eosque
611 3771 717 3830 doctos
743 3770 919 3848 interpretes
947 3787 1009 3828 asse
1029 3767 1137 3848 lapsos.
1180 3766 1270 3826 Velut
1284 3764 1319 3823 in

224 3852 329 3932 phrasi
345 3849 419 3917 ὅσον
431 3847 505 3936 ἧκεν
519 3857 561 3930 είς
573 3852 640 3936 ἐμὲ,
663 3852 749 3936 quod
762 3853 808 3913 od
824 3875 870 3912 me
886 3858 1009 3912 attinet:
1030 3871 1135 3931 quasa,
1157 3850 1238 3930 apud
1257 3869 1319 3929 po·

225 3938 363 3998 steriores
382 3949 461 3999 certe
482 3940 658 4020 scriptores,
681 3941 776 4000 multo
790 3939 883 4016 magis
898 3939 932 3997 in
952 3957 1009 3997 usn
1022 3937 1209 4012 suarides,
1229 3953 1318 4013 qnam

224 4021 347 4082 alteram
366 4017 439 4085 ὅσον
454 4017 527 4103 ἧκεν
546 4019 598 4088 ἐπ’
610 4023 676 4105 ίμί,
699 4027 737 4084 de
751 4043 808 4102 qna
824 4023 946 4101 vigera·
967 4022 1129 4082 Hermanni
1141 4026 1216 4087 128.
1230 4022 1267 4080 Δ.
1288 4019 1318 4076 S.

198 4141 202 4156 ·
224 4105 412 4187 Epiphanius
428 4109 579 4168 adversus
597 4107 710 4171 haeres.
730 4109 753 4171 Ι.
772 4111 863 4175 1083.
882 4109 915 4168 Β.
932 4103 1007 4170 ὅσον
1025 4107 1081 4187 μὲν
1099 4102 1158 4187 peip
1178 4097 1252 4184 olm
1275 4103 1319 4176 είς

223 4187 277 4253 τείν
293 4186 424 4277 Κύριον,
441 4193 526 4274 quod
541 4193 586 4252 od
598 4198 770 4253 Dominum
782 4215 799 4250 s
818 4203 905 4252 estat.
933 4193 1074 4272 synesius
1088 4190 1220 4270 Epistola
1235 4206 1317 4248 nm.

225 4277 298 4342 388.
315 4281 352 4342 Δ.
374 4271 442 4340 tts'
456 4275 530 4362 ίγαί,
550 4275 586 4343 ro'
600 4299 634 4362 ys
650 4279 693 4354 είς
707 4275 759 4360 ίμί
796 4299 866 4352 ναν,
886 4273 969 4342 ἅπαν
984 4280 1090 4342 ποιῶ.
1111 4273 1246 4336 Isidorus
1261 4272 1319 4332 Pe*
