2959 4850
149 372 158 391 ,
239 284 316 363 reo
541 290 805 363 emmaum
831 288 1030 358 morum

193 468 200 489 '
239 456 304 539 pite
322 454 445 517 inridier
467 454 620 532 Druaum,
642 463 672 513 et
692 450 817 513 orimiur
839 448 952 511 abuuo
972 447 1078 511 d'neite
1095 466 1214 511 omueae
1239 447 1329 512 iiiaa·

239 556 353 639 phorm
369 556 518 637 mrucipio
540 556 586 617 illi
594 601 603 633 ,
625 555 672 615 oui
695 551 890 615 collectitium
909 560 997 631 utque
1011 550 1229 611 eouduotitium
1243 571 1329 613 uom-

241 658 394 720 mrndrrit
413 658 595 737 uereitum,
615 657 773 739 pecuniam
789 654 862 713 ratir
881 674 1017 732 maguum
1035 652 1221 715 irroratione
1235 652 1329 731 dedit,

239 770 291 839 ut,
314 761 340 822 ri
356 760 532 821 Adelbertur
549 780 618 821 oum
639 766 753 839 reptem
772 754 905 815 miluum
922 755 1134 833 loricatorum,
1155 764 1186 815 et
1205 774 1241 813 eo
1261 775 1329 815 am-

240 864 336 945 plior,
358 862 436 922 riout
448 862 613 938 mrudrrit,
635 880 666 921 ae
682 856 808 933 adierit,
826 865 901 917 tune
916 857 1093 917 donativum
1110 856 1155 917 eir
1173 855 1252 917 iliud
1263 856 1331 917 dir·

240 964 362 1025 tn'buat.
406 963 489 1022 (iona
504 963 597 1023 furter
611 982 681 1022 euua
695 978 765 1019 eum
777 958 844 1040 ipro
857 968 888 1019 et
899 958 1038 1038 Argolico
1051 936 1255 1019 exercitt(voe
1267 958 1329 1019 im·

239 1074 370 1147 pugnet,
385 1063 560 1125 Adelbertur
575 1083 649 1126 vero
662 1062 764 1125 Bereir
775 1060 932 1140 diligenter
945 1059 1140 1136 custodiatur,
1160 1059 1256 1121 doure
1267 1081 1329 1142 po·

240 1166 314 1227 titur
327 1165 457 1227 uictoria
469 1144 562 1226 suitur
575 1165 684 1225 redert
727 1164 817 1239 Quod
835 1164 862 1223 ri
874 1163 996 1225 veuieur
1009 1172 1057 1223 tot
1066 1161 1224 1224 homiuum
1233 1162 1329 1223 miliia

240 1288 304 1339 mou
324 1268 461 1343 duxerit,
487 1276 525 1327 ut
546 1266 698 1349 capietur,
725 1266 894 1343 vinciatur,
920 1266 1064 1347 vobirque
1084 1286 1120 1326 ro
1141 1263 1329 1325 venientium

239 1370 392 1445 uruntur,
414 1370 537 1449 inruper
548 1378 578 1429 et
588 1368 733 1449 pecunie,
757 1388 833 1447 quea
844 1368 873 1427 ei
886 1368 1065 1443 debebatur,
1087 1378 1202 1429 vertrae
1213 1368 1249 1427 iu
1260 1386 1328 1427 ma-

211 1476 300 1533 cuua
315 1472 495 1547 conferatur,
513 1470 614 1531 edixit„
656 1469 879 1546 Obellatoram,
900 1470 1068 1531 ofidelem!
1090 1470 1219 1551 prodere
1232 1469 1327 1550 eupit,

241 1573 291 1633 oui
310 1571 354 1654 ²⁰)
376 1573 557 1631 defenrorem
577 1580 677 1652 parat,
703 1570 887 1633 defemorem
906 1580 1006 1651 parat,
1028 1590 1117 1651 quam
1136 1572 1262 1653 perdere
1275 1590 1327 1633 eu·

239 1676 301 1757 pit:
321 1676 354 1734 in
366 1684 474 1735 neutro
489 1672 574 1751 fider,
594 1672 627 1731 iu
640 1684 769 1754 utroque
780 1674 956 1735 infidelitarr
973 1674 1062 1751 iecit,
1084 1695 1144 1755 quo
1156 1695 1220 1735 nou
1231 1673 1326 1753 eguit,

240 1777 330 1857 aguit,
353 1775 435 1856 quod
444 1794 506 1835 uon
521 1776 639 1835 iecerat.
667 1776 726 1837 Sed
739 1786 812 1854 erto,
824 1777 939 1853 fecerit,
951 1786 989 1837 ut
1001 1778 1131 1837 Graeoor
1142 1777 1250 1853 decuit,
1271 1793 1328 1835 uor

239 1878 278 1939 ad
288 1876 474 1959 propoaitum
489 1876 654 1937 redermua.
682 1878 799 1953 Quarto
813 1880 929 1941 decimo
937 1880 1084 1940 Kalendar
1096 1879 1222 1957 duguati
1232 1878 1327 1937 ooilr-

241 1980 358 2040 otitium
371 1979 468 2060 iprum
482 1980 618 2041 navalem
632 1980 815 2060 exercitum,
835 2002 884 2043 me
898 1983 935 2042 rb
951 1984 1047 2043 iuvira
1060 1983 1150 2043 domo
1165 1988 1326 2062 rpeotautr,

238 2080 360 2142 dimisit=
402 2080 522 2141 Decimo
541 2082 631 2141 tertio
651 2092 767 2161 autem,
789 2104 850 2163 quo
864 2083 920 2145 'die
939 2084 1019 2151 lever
1036 2082 1145 2143 Graeoi
1158 2083 1326 2162 raptionem

236 2182 320 2245 Elire
338 2182 503 2264 Prophetae
525 2182 564 2242 ad
580 2182 675 2244 caeloa
697 2185 780 2246 ludia
799 2186 924 2247 roeuioir
940 2186 1107 2263 celebrant,
1126 2203 1175 2245 me
1192 2204 1225 2245 re
1242 2182 1325 2246 adire

238 2284 404 2366 praecepit3
426 2283 476 2343 eui
488 2292 518 2344 et
539 2283 595 2347 aite
615 2284 777 2367 Imperium
795 2298 932 2349 nortuum
952 2288 1054 2368 eopiar
1070 2286 1105 2347 iu
1116 2284 1253 2365 deryrioa
1267 2284 1324 2345 du·

239 2406 306 2448 uera
333 2384 444 2464 cogitet
469 2405 532 2447 nou
556 2406 647 2468 ruper
675 2386 883 2467 chrismentur,
911 2382 1158 2469 quemadmodum
1186 2387 1325 2449 domiuur

237 2499 324 2564 tuur:
345 2489 506 2569 prreterito
527 2489 639 2571 quippe
660 2511 740 2550 runo
758 2491 890 2571 idiprum
905 2491 1003 2553 iaerrr
1021 2491 1123 2569 volui,
1143 2491 1196 2550 red
1213 2489 1324 2566 audito,

237 2594 318 2674 quod
334 2591 472 2653 domiuur
488 2603 559 2652 tour
573 2593 693 2674 Imperii
707 2595 804 2654 uortn‘
817 2604 927 2654 terram
936 2593 1079 2653 innuere
1088 2593 1198 2670 vellet,
1217 2590 1325 2651 dimir·

205 2695 280 2758 Deir
294 2695 442 2774 drryn’ir,
462 2695 549 2754 illum
565 2713 669 2756 veurur
683 2693 812 2755 habeurr
826 2696 1012 2758 retoraimurr
1031 2695 1224 2776 obviavitque
1235 2692 1323 2754 uobia

236 2798 270 2858 iu
284 2796 457 2858 Macedonia
474 2797 645 2857 Dominiour
658 2795 966 2860 Venedicur‘uuuoiur
980 2817 1071 2874 auur,
1093 2797 1147 2876 qui
1163 2797 1257 2856 multo
1275 2794 1324 2855 la·

235 2901 307 2962 bore
329 2910 358 2960 et
372 2898 479 2960 rudore
496 2918 571 2970 nor,
593 2907 630 2958 ut
641 2909 880 2975 reverteremur,
900 2901 1033 2978 delusit,
1051 2899 1246 2960 iureiurando
1267 2919 1323 2960 uo.

234 3001 281 3062 bir
295 3001 444 3060 rffirmrur
451 3047 461 3076 ,
480 3019 642 3080 numquam
661 3001 816 3062 domiuum
832 3011 919 3064 tuum
932 3023 995 3066 aare
1008 3003 1042 3064 id
1059 3003 1254 3081 eogitaturum
1266 3021 1323 3062 nr-

235 3101 309 3162 dum
325 3103 473 3162 facturum
482 3120 493 3176 3
512 3111 661 3163 revertere
681 3123 750 3182 ergo
767 3103 945 3183 (quodcum
966 3103 1114 3166 audinum
1129 3103 1235 3164 taoitm
1255 3103 1320 3164 Deo

234 3201 342 3282 gratio
362 3201 438 3274 dixi)
460 3211 490 3261 et
509 3202 598 3280 haee,
621 3215 710 3283 atque
732 3205 807 3266 haec
823 3216 875 3266 tuo
896 3206 1018 3266 domiuo
1037 3205 1194 3266 nunciatur
1222 3203 1251 3264 ai
1269 3224 1320 3266 me

234 3313 401 3384 compotem
426 3301 546 3378 iecerit,
572 3305 636 3384 ipae
656 3305 767 3368 redito.
810 3306 866 3368 Cui
883 3307 997 3385 iubeat,
1017 3309 1138 3390 iuquam
1158 3307 1320 3369 Smetirri-

231 3425 315 3466 mum
328 3406 539 3487 Imperatorem
558 3403 606 3485 ²7)
630 3415 716 3466 tuum
732 3426 780 3467 ma
796 3406 832 3467 in
852 3409 968 3472 ltaliam
983 3411 1043 3473 oito
1060 3413 1215 3489 udvolaro,
1237 3419 1322 3474 outa

230 3509 363 3586 ratione,
386 3507 466 3590 quod
487 3506 625 3568 domiuua
639 3527 740 3586 meur,
762 3528 838 3588 quaa
852 3513 919 3573 vult
932 3514 1092 3596 impe-ium
1107 3522 1212 3591 tuum,
1234 3533 1321 3574 eom·

230 3609 329 3689 pleat,
361 3617 391 3670 et
410 3609 504 3668 luetur
527 3627 580 3687 ego
603 3608 642 3669 ad
663 3620 695 3674 ta
710 3612 838 3676 redeam.
880 3613 970 3689 Quod
988 3636 1046 3696 qur
1063 3626 1163 3677 moute
1180 3615 1319 3694 dixerim,

200 3713 288 3771 Euro
312 3711 426 3793 iprum,
451 3708 648 3790 prohdolor,
676 3713 775 3772 latuit.
822 3715 900 3776 Nem
919 3717 1090 3796 rubridum,
1109 3717 1201 3780 rimu]
1222 3718 1319 3798 eapite

229 3809 328 3872 innuit
334 3855 344 3888 ,
369 3831 475 3892 meque
495 3821 598 3874 eontra
611 3825 700 3876 teuur
722 3835 754 3876 re
768 3815 957 3899 odorantem,
981 3829 1069 3900 atque
1090 3819 1249 3880 abeuutuu
1265 3837 1318 3880 ex·

228 3919 293 3988 trr,
315 3913 388 3974 foria
406 3933 539 3990 manere,
560 3925 649 3997 atque
663 3917 702 3978 ed
723 3937 844 3979 coruum
858 3921 929 3982 allio
950 3932 981 3983 et
994 3941 1067 4004 erpa
1082 3922 1158 3984 boue
1177 3923 1316 3999 olentem,

229 4013 295 4074 oleo
308 4021 339 4076 et
354 4033 425 4092 garo
439 4016 590 4078 aordidam
605 4020 706 4083 venire
719 4022 886 4103 praecepit,
908 4025 1082 4108 magniaque
1095 4026 1146 4088 die
1157 4025 1212 4086 iila
1230 4022 1316 4085 effrd

259 4211 308 4281 26)
323 4213 461 4288 Aliarpai.
484 4215 561 4270 Cura.
628 4217 678 4287 27)
695 4217 766 4274 Fert
779 4220 925 4292 inperio..
941 4223 1026 4279 dier.
