2959 4850
441 244 501 311 AD
522 241 813 313 NICEPHORUM
832 242 1026 319 ettonem
1194 236 1268 312 351

179 414 210 469 et
228 388 374 483 noem,
396 402 535 465 eruorem
554 405 636 486 ipo,
657 424 693 465 ιο
715 402 885 467 nanum
902 405 1033 470 rutam
1054 402 1113 469 see
1130 404 1209 486 noe,
1229 408 1273 471 ot

178 509 306 571 Baailiue
325 508 599 583 Purekimomenoe,
619 508 728 587 faciet,
751 527 818 568 oum
839 490 878 569 id
888 519 998 571 nutum
1010 528 1099 571 auum
1113 513 1222 589 Roma,
1242 521 1274 573 at

179 613 312 673 Romana
333 610 466 671 Ecclesia
487 609 683 671 ordinabitur.
723 610 816 689 Tum,
840 610 948 690 homo,
974 612 1115 693 inquam,
1142 614 1273 694 quidam,

179 716 304 775 multam
328 712 364 772 eb
381 713 441 772 ulio
458 730 563 792 poarue
581 711 738 791 iniurium,
759 712 807 773 hie
823 712 916 775 Deum
930 734 1081 795 aggreaenr
1094 724 1141 775 eat
1153 716 1273 779 verbio:

178 817 320 897 Domine,
339 814 463 877 vindica
480 832 527 875 me
548 812 585 873 de
600 815 769 877 edversario
785 834 861 875 meo.
903 816 958 877 cui
971 816 1134 898 Dominue,
1154 819 1273 897 faciam,

177 920 292 999 inquit,
312 921 346 980 in
367 921 415 981 die
435 941 504 981 curn
519 920 642 981 reddum
657 917 821 999 unicuique
838 919 1003 981 coeundum
1019 942 1110 1003 opera
1129 941 1192 984 tua.
1232 923 1275 983 At

178 1022 241 1099 illu,
263 1023 360 1096 Quem
373 1022 466 1101 tarde,
487 1022 566 1085 infit.
607 1022 691 1081 'l'unc
705 1040 815 1098 omnaa,
836 1032 955 1103 praeter
964 1025 1104 1102 fratrem,
1127 1024 1304 1086 cachinnoll

178 1124 324 1185 commoti
347 1124 596 1205 discrepationem
619 1122 817 1201 dimiserunt,
838 1144 943 1205 meque
961 1125 996 1185 in
1009 1126 1136 1187 invitam
1152 1127 1275 1188 domum

178 1224 283 1287 reduci
303 1236 535 1308 praeceperunt,
556 1208 722 1306 magnaque
743 1226 888 1287 cuatodiri
902 1228 1018 1289 cautela
1036 1248 1131 1310 traque
1147 1229 1181 1289 in
1197 1232 1276 1289 Sen-

180 1338 297 1389 ctorum
310 1329 520 1411 Apostolorum
533 1328 676 1409 roligioaie
693 1328 812 1387 eunom
826 1330 970 1413 celebrem
986 1330 1075 1392 diem.
1117 1332 1183 1407 Qua
1194 1332 1276 1392 cale-

177 1431 289 1493 britate
304 1452 353 1493 me
367 1432 438 1493 aatia
456 1442 625 1511 aegrotum,
647 1448 703 1491 neo
722 1450 783 1489 non
798 1440 829 1491 et
843 1432 1038 1511 bulgarorum
1053 1434 1198 1511 nuncioa,
1220 1433 1273 1515 qui

177 1533 459 1615 pridiesenerant,
486 1536 525 1596 ed
548 1537 673 1594 Sanctus
700 1532 859 1613 Apoatoloa
884 1535 941 1593 eibi
968 1535 1273 1623 obviarepreecapit.

179 1637 310 1717 Cumque
330 1647 401 1718 poet
422 1639 594 1723 naeniarum
613 1636 838 1717 gemulitetem,
864 1644 895 1695 et
916 1636 1072 1699 nimum
1094 1638 1273 1699 celebratio·

177 1760 255 1818 nam
277 1741 459 1801 adoreneum
473 1741 686 1816 invitaremur,
708 1740 741 1799 iu
757 1738 890 1801 citeriori
903 1760 1022 1801 maneae
1034 1741 1176 1821 margine,
1198 1760 1273 1820 quoe

177 1852 241 1902 erat
253 1843 319 1903 eine
335 1843 492 1905 latitudine
504 1844 609 1923 longe,
631 1842 831 1921 Bnlgerorum
845 1842 1007 1921 nuncium,
1027 1844 1177 1924 Ungan'co
1189 1863 1274 1905 more
1286 1860 1318 1915 Ρ,
1334 1858 1386 1916 432

178 1952 315 2020 tontum,
339 1964 428 2006 renea
448 1954 551 2007 celena
566 1946 713 2023 cinctum,
737 1953 768 2003 et
780 1953 818 2005 ut
831 1964 914 2004 mena
931 1942 1006 2005 milri
1020 1946 1166 2025 suggerit,
1187 1956 1274 2006 cate·
1290 1930 1348 1986 ⁰⁰¹·
1367 1934 1383 1987 ¹

179 2046 374 2127 chumenum,
395 2048 470 2109 milri
485 2046 661 2131 praeponit;
683 2046 866 2107 adventrum
884 2048 989 2126 plone,
1011 2048 1130 2109 Domini
1144 2049 1204 2109 mei
1215 2048 1277 2113 Au.
1388 2044 1398 2055 '

178 2150 271 2229 guali,
293 2151 513 2211 contumelium.
556 2152 593 2211 In
606 2148 693 2211 vobia
708 2158 914 2229 contemptur,
933 2149 968 2208 in
981 2150 1068 2210 vobio
1085 2161 1203 2234 epretua
1211 2195 1221 2229 ,
1241 2151 1277 2211 in

177 2252 263 2313 vobin
282 2252 426 2315 obiectur.
467 2253 527 2313 Sed
547 2254 656 2333 gratiae
678 2274 733 2334 ego
754 2253 882 2313 Domino
902 2251 969 2311 lecu
990 2251 1126 2330 Christo,
1147 2254 1198 2314 oui
1219 2274 1275 2315 voe

177 2356 296 2417 aea-vitio
311 2356 392 2421 omni
403 2354 513 2437 spiritu
525 2365 645 2437 reetro,
666 2357 750 2438 quod
762 2354 880 2415 habitor
892 2374 959 2415 aum
972 2376 1029 2437 pro
1041 2356 1163 2417 nomine
1174 2365 1275 2418 vestro

178 2460 287 2540 dignus
303 2460 497 2522 contumeliae
514 2461 587 2541 peti.
630 2460 761 2539 Verum,
786 2459 904 2520 Domini
919 2460 994 2538 mai,
1014 2479 1110 2522 meam
1123 2479 1186 2520 non
1203 2479 1276 2520 con·
1400 2498 1405 2507 ,

178 2563 326 2640 riderent,
346 2563 399 2623 red
412 2572 543 2625 ventrem
563 2563 720 2641 iniuriam,
742 2582 875 2623 manaem
887 2563 1005 2643 reliqui.
1048 2563 1208 2642 Quumque
1221 2560 1275 2621 in·

178 2664 304 2744 dignum
329 2665 411 2728 abire
436 2665 562 2744 vellem,
591 2667 651 2729 Leo
678 2667 868 2748 Coropletee,
896 2666 1088 2747 Imperutorie
1108 2666 1219 2740 stater,
1244 2673 1275 2724 et

179 2767 271 2830 Proto
297 2787 313 2825 e
337 2767 457 2830 aacretie
476 2768 612 2846 Simeon,
638 2788 719 2854 pona
742 2789 790 2830 ma
810 2778 996 2849 aequantur,
1022 2767 1097 2828 haec
1117 2767 1275 2828 latranteaz

180 2869 256 2929 Cum
280 2868 489 2952 Chrirtophori
509 2871 604 2932 filiam
625 2873 729 2934 neom
748 2871 945 2950 Bulgarornm
963 2871 1099 2934 Vaaileue
1120 2870 1276 2948 coniugem

178 2970 318 3050 ducaret,
339 2973 523 3056 symphona,
536 2975 569 3036 id
584 2985 628 3038 eet
642 2973 837 3036 consonantia
852 2975 966 3057 acripto
980 2975 1148 3053 iuramento
1159 2972 1276 3032 firmata

178 3083 264 3152 aunt,
293 3084 330 3136 ut
348 3077 481 3138 omnium
499 3079 633 3159 gentium
649 3076 808 3158 epoetolie,
835 3075 870 3136 id
892 3085 938 3138 eat
952 3075 1090 3154 nunciia,
1112 3095 1203 3158 penca
1216 3082 1303 3137 noel}

140 3235 145 3242 .
178 3176 376 3258 Bnlgerorum
388 3181 517 3262 apoetoli
529 3189 764 3263 proeponentur,
777 3177 975 3259 honorentur,
990 3180 1162 3259 diliguntur.
1203 3179 1276 3240 Bul-

178 3299 318 3358 geruum
330 3282 383 3343 ille
396 3283 566 3363 apoetolue,
588 3303 784 3364 quamquam,
804 3292 840 3342 ut
851 3283 942 3361 dioir,
964 3291 995 3343 at
1006 3302 1113 3345 rarum
1125 3291 1187 3360 aet,
1206 3291 1277 3342 ton·-
1362 3289 1366 3301 '

177 3399 244 3458 aur,
258 3383 379 3463 illotus,
397 3393 428 3444 et
442 3395 546 3446 ortena
561 3405 651 3446 aenea
665 3384 783 3447 oinctua
797 3384 854 3448 ait:
873 3385 1020 3449 Patr-irim
1042 3395 1141 3447 tamen
1155 3393 1208 3462 eet,
1226 3383 1278 3444 cui

177 3484 358 3568 Episcopum
370 3505 564 3570 praeponere,
578 3491 764 3552 Francorum
774 3489 965 3569 praeantim,
978 3489 1062 3549 nesae
1077 3485 1275 3566 decernimur,

176 3585 353 3650 iudicamur.
395 3589 435 3652 Et
449 3591 590 3671 quonium
603 3601 634 3654 te
645 3591 680 3654 id
692 3591 815 3672 indigne
826 3591 905 3652 serre
919 3590 1143 3672 cognoscimur,
1163 3609 1228 3650 non
1245 3597 1280 3651 te

176 3707 259 3749 nnnc
266 3735 276 3767 ,
299 3699 332 3755 ut
346 3701 449 3771 putea,
471 3693 510 3755 ad
532 3693 697 3777 hoapitium
716 3693 816 3756 redire
829 3692 973 3770 ainimne,
993 3692 1046 3755 ead
1059 3692 1094 3752 in
1109 3690 1278 3766 diversorio

177 3791 305 3870 quodum
338 3813 408 3854 oum
433 3795 636 3878 Imperatoriir
662 3797 759 3860 rer-ria
789 3795 889 3857 orium
914 3802 1033 3875 guatere
1059 3791 1276 3876 compellimur.

177 3891 295 3966 Quibue
321 3895 359 3956 ob
386 3895 651 3979 incomparabilem
675 3902 778 3965 cordia
806 3899 942 3962 dolorem
968 3897 1014 3959 nil
1033 3895 1195 3979 reapondi,
1226 3895 1279 3957 aad

177 4015 254 4076 quoe
270 3996 435 4080 iueaorant,
455 4001 531 4084 laci,
557 4001 714 4085 iudignum
730 4004 868 4067 indicano
889 4019 1021 4066 mennam
1042 3997 1106 4086 ¹⁹),
1132 4019 1192 4082 que
1211 4017 1277 4060 non

111 4193 115 4199 '
210 4201 255 4260 ro.
277 4160 686 4276 wouterman.
710 4206 790 4264 oea
