2959 4850
235 292 315 344 mv
637 278 676 350 C.
695 279 733 352 B.
754 278 870 352 HASII
992 286 1004 300 ⁴
1153 360 1158 382 Ι

235 441 306 524 plus
319 439 511 522 quammulta
532 391 591 500 alia
614 436 747 500 ciusdem
761 436 884 516 santis,
903 454 981 518 quas
999 433 1126 498 editioni
1146 443 1260 518 parata
1279 432 1347 494 ha-
1443 412 1445 415 ⁵

236 542 334 620 beans,
358 541 456 602 lucem
471 557 657 600 commerere.
699 540 772 601 Gavi
786 549 883 618 carte,
904 549 942 602 ut
953 560 993 601 ne
1006 538 1081 618 quid
1092 536 1223 598 nimium
1241 557 1264 596 a
1280 555 1346 596 no·

86 697 95 730 ,
236 644 326 707 bisin
342 641 399 704 hac
412 649 496 724 parte
515 641 665 702 adiectum
683 660 747 701 osse
764 640 923 702 diceretur.
966 641 1102 737 Qpatuor
1117 646 1203 700 erant
1221 635 1344 712 codd,

229 745 397 827 inquibus
417 744 554 805 libellum
576 742 659 804 hunc
679 742 874 806 offenderam:
900 741 937 825 1.)
957 729 1064 823 ll'sgius
1082 741 1166 811 2437
1185 740 1242 802 fol.
1269 741 1344 805 871

136 918 138 922 Ι
235 867 320 906 verso
335 877 378 893 -
391 847 453 914 409
468 857 547 905 recto
552 867 564 922 ,·
583 841 637 928 lt)
648 844 754 926 Regius
768 846 850 914 2445
865 845 917 907 fot
929 849 993 914 820
1004 855 1084 912 teoto
1097 877 1138 891 -·
1150 843 1214 910 336
1226 861 1343 918 verso3

178 1027 181 1032 ¹
235 946 299 1034 ΙΠ.)
315 951 416 1011 Codex
430 951 484 1010 No.
493 955 534 1017 26
548 947 751 1031 Supplcmenti
764 947 871 1026 nostri,
882 967 969 1028 quem
981 947 1015 1007 in
1028 968 1082 1008 ora
1091 946 1182 1008 modo
1194 940 1346 1004 indicavi
1385 961 1389 965 ·

99 1073 102 1082 ’
235 1053 389 1131 litterali,
410 1051 499 1112 modo
519 1050 594 1130 siglo
607 1049 679 1128 hoc,
703 1049 777 1112 cod.
790 1053 890 1132 suppl.
908 1050 952 1110 ibi
965 1050 1075 1130 legitur
1090 1049 1117 1109 is
1134 1048 1258 1111 libellus
1279 1038 1346 1108 foL'

239 1159 299 1222 171
313 1166 390 1216 recto
404 1186 443 1202 ·-
458 1159 521 1222 172
534 1175 635 1234 νινιος
656 1153 717 1228 IV.)
737 1154 887 1216 Palatinus
900 1153 957 1214 No.
971 1155 1043 1230 898,
1064 1173 1091 1215 s.
1107 1156 1190 1221 1797
1202 1171 1243 1212 ex
1256 1147 1345 1210 urbe

238 1257 378 1319 aduectus
397 1257 431 1316 in
446 1255 676 1334 bibliothecam,
698 1275 724 1316 a.
744 1257 966 1322 18151t0msm
986 1253 1202 1335 reportatus.E
1220 1252 1344 1333 quihus

237 1360 269 1419 in
298 1360 413 1420 edendo
432 1367 551 1420 secutus
573 1379 638 1420 sum
665 1357 854 1440 potissimum
877 1357 950 1423 cod.
968 1357 1039 1436 neg.
1061 1357 1161 1424 24372
1188 1353 1276 1418 cuius
1299 1361 1343 1414 ut

236 1460 309 1522 lolia
323 1462 355 1520 in
367 1461 498 1540 margine
514 1461 652 1524 editionis
667 1459 824 1539 annotavi,
845 1458 889 1521 ita
901 1460 1044 1520 lectiones
1055 1457 1183 1537 intelligi
1198 1450 1342 1540 oportet,

237 1563 353 1644 quoties
367 1561 440 1624 cod.
452 1563 500 1643 A,
521 1563 584 1626 sive
601 1562 690 1625 etiam
706 1561 795 1640 eod,
817 1563 961 1643 singulari
970 1582 1106 1639 numero,
1126 1560 1225 1621 in'ora
1237 1556 1342 1624 secli·

235 1675 321 1747 ptum
333 1665 452 1746 legitur.
493 1667 553 1728 Ubi
569 1663 663 1728 codd.
678 1666 853 1750 pluraliter,
874 1666 1006 1746 reliquos
1023 1674 1085 1726 tres
1107 1661 1141 1720 in
1162 1659 1343 1720 subsidium

235 1767 362 1845 vocavi,
384 1766 475 1846 idque
488 1787 575 1851 saepe
588 1769 715 1830 fnestra:
737 1768 849 1850 quippe
868 1775 954 1829 erant
969 1775 1031 1826 tsm
1044 1761 1200 1845 depravati
1215 1778 1339 1838 omnes,
1470 1831 1475 1840 Ι

235 1877 272 1930 ut
291 1869 452 1931 sententiae
473 1871 657 1952 complures,
684 1870 743 1931 nisi
763 1871 861 1951 aliqua
887 1889 994 1948 magua
1017 1864 1165 1927 medicina
1184 1862 1345 1951 adbibihs

144 1998 147 2008 ¹
234 1985 372 2038 constare
397 1973 519 2036 omnino
547 1993 610 2034 non
633 1981 763 2054 possent.
809 1969 965 2034 Eiusmodi
988 1967 1072 2027 locos
1095 1985 1135 2026 ex
1156 1964 1338 2026 coniectura

237 2077 392 2138 emendare
407 2089 532 2138 conatus
546 2095 629 2136 sum:
650 2075 692 2136 its
707 2084 805 2136 umen
817 2083 868 2151 ot,
890 2071 1127 2154 quotiescunque
1138 2067 1204 2128 fieri
1216 2072 1337 2148 posset,

235 2179 424 2260 transpositis
437 2179 537 2259 potius
553 2177 654 2239 verbis
672 2197 763 2259 quam
780 2176 918 2254 mutatis,
938 2194 1005 2236 meo
1025 2191 1110 2234 more
1128 2169 1258 2230 nimium
1277 2187 1336 2229 re·-

234 2282 358 2361 ligiosus
377 2281 411 2340 in
436 2267 655 2361 exemplaribus
676 2278 851 2361 sequendis,
871 2297 961 2362 quam
982 2273 1155 2338 temerarius
1173 2271 1209 2334 iu
1228 2268 1335 2331 corri-

234 2383 336 2465 gendis
343 2424 352 2461 ,
371 2401 434 2445 osse
447 2381 576 2442 mallem.

319 2552 375 2619 xl.
401 2551 498 2614 Huius
512 2561 612 2613 autem
627 2549 773 2628 auctoris,
795 2547 927 2630 quisquis
940 2547 1015 2626 fuit,
1035 2545 1156 2609 dicendi
1168 2565 1262 2625 genus
1273 2560 1332 2605 ca-

232 2666 281 2720 ret
296 2656 432 2717 omnibus
449 2652 646 2729 ornamentis,
666 2651 879 2731 horridiusque
894 2659 939 2711 est
959 2670 995 2711 ao
1007 2649 1213 2731 praefractius.
1254 2652 1332 2711 Ser·-

234 2778 352 2819 monem
365 2758 517 2837 vulgarem
533 2774 620 2836 quem
633 2755 813 2835 frequentat,
835 2772 912 2817 saec.
926 2773 958 2814 x.
971 2752 1032 2812 ism
1044 2752 1207 2834 plurimum
1218 2774 1236 2811 s
1248 2772 1332 2833 syn-
1416 2831 1419 2837 Ι

234 2859 298 2920 taxi
312 2857 488 2938 elegantiore
499 2858 626 2919 obfuisse
638 2857 844 2918 demonstrant
860 2854 1037 2917 nominativi
1056 2854 1183 2915 absoluti
1197 2854 1268 2921 125.
1289 2853 1329 2917 Ι).

236 2964 366 3042 Πλῆθος
385 2953 441 3043 yolo
454 2964 578 3029 -180.
601 2958 637 3025 Δ.
657 2955 791 3041 ὄριῖν-
807 2964 913 3017 eontra
935 2977 1025 3038 quam
1044 2956 1202 3038 oportebat
1220 2954 1330 3038 positis
1440 3038 1444 3041 ἢ

235 3060 360 3141 genitivi
375 3063 507 3125 absoluti
521 3065 593 3125 item
608 3062 722 3131 1221.
744 3054 963 3141 μανθανόντων
974 3090 1018 3105 -
1030 3054 1189 3142 ὁρμήσωσι.
1211 3060 1281 3125 1⁵0.
1290 3056 1327 3117 Β.

234 3156 418 3245 insideres.
441 3164 511 3233 159.
524 3166 558 3227 C.
581 3160 806 3244 διατιθεμένου·
825 3160 1034 3221 subiuncfivus
1046 3140 1150 3222 aoriiti
1162 3181 1219 3241 pro
1237 3160 1328 3220 iutu-

178 3266 182 3281 '
233 3280 270 3325 ro
285 3274 456 3345 usurpatus,
467 3274 503 3326 ut
520 3266 592 3335 140.
605 3264 640 3327 Δ.
657 3258 830 3346 ἐκφύγωσιν
841 3262 986 3345 effigient
996 3260 1091 3347 (quod
1104 3264 1182 3325 idem
1197 3264 1230 3322 iu
1242 3263 1328 3322 mul-

233 3366 275 3426 tis
285 3366 499 3449 praecipitatae
515 3367 655 3429 Graeciae
670 3365 868 3446 scriptoribus
881 3384 940 3424 usu
952 3365 1052 3425 venite
1073 3366 1136 3426 vid.
1153 3365 1247 3426 lodic
1260 3387 1283 3425 s.
1295 3382 1326 3425 v.

112 3476 144 3530 P.
161 3478 217 3531 xm
235 3468 489 3548 Coniunctivus):
511 3466 708 3549 inperpetuo
729 3466 895 3527 adhibitum
911 3487 970 3547 pro
986 3467 1030 3542 εἰς
1051 3472 1122 3535 126.
1142 3467 1178 3533 Δ.
1201 3473 1270 3535 127.
1290 3467 1325 3528 Β.

124 3602 131 3635 s
214 3614 217 3621 .
234 3571 305 3635 138.
321 3569 352 3629 C.
376 3570 448 3639 162
463 3570 497 3633 D.
519 3563 576 3633 cdv
591 3579 798 3631 constructum
810 3588 878 3629 cum
891 3569 1024 3648 genitivo
1042 3571 1113 3637 168.
1130 3569 1165 3630 Β.
1186 3590 1327 3629 casuum-

120 3706 123 3717 ι
234 3688 292 3749 que
303 3672 424 3732 omnino
437 3671 540 3732 crebra
555 3671 701 3735 confusio.
742 3671 845 3751 Neque
861 3668 889 3730 is
903 3679 983 3731 certa
995 3690 1177 3751 quenquam,
1197 3680 1234 3731 ut
1248 3672 1327 3731 Leo-

231 3790 299 3831 nem
316 3773 419 3833 secisse
431 3772 713 3852 demonstravimus,
734 3772 878 3858 exprimit
894 3770 1037 3833 dicendo:
1061 3772 1246 3855 simplicibus
1260 3772 1327 3832 uti-

231 3880 285 3931 tur
304 3872 474 3952 nativisque
492 3872 601 3939 verbis.
644 3875 745 3949 Quare
761 3875 885 3936 fuissem
904 3871 1035 3952 nimius,
1055 3872 1083 3932 si
1104 3872 1138 3933 in
1156 3874 1326 3935 scrutandis

233 3971 365 4035 fontibus
387 3973 563 4042 imitationis
584 3984 703 4037 tantum
723 3976 847 4056 egissem
864 3973 951 4050 satis,
974 3982 1118 4053 quantum
1138 3975 1176 4035 sd
1196 3976 1325 4036 Leonem

234 4073 290 4153 egi.
330 4074 440 4153 Notas,
459 4085 579 4157 praeter
592 4076 704 4158 oppido
721 4098 848 4160 panms,
866 4074 999 4137 resecuit
1018 4085 1172 4157 postrema
1189 4074 1326 4138 undetri-

233 4175 314 4253 gintt
331 4176 447 4259 capita,
466 4197 542 4258 quas
553 4175 682 4263 habebat
696 4198 774 4241 unus
791 4177 894 4239 Codex
912 4177 1083 4260 Palatinus,
1104 4176 1188 4261 quod
1208 4175 1247 4238 ab
1264 4174 1325 4237 alio
