2959 4850
445 262 490 331 IN
510 259 665 329 LEONlS
683 263 866 334 DlACONI
889 265 966 337 LlB.
986 268 1012 333 1.
1074 352 1079 373 ν
1199 256 1274 333 407

185 418 348 483 admodum
361 421 512 503 pellr'aula
529 444 545 481 ι
564 424 688 485 muliere
700 423 847 505 prodiens
860 427 944 485 visas
961 445 1083 485 consors
1095 426 1274 489 nullatanus

185 519 244 583 eat,
272 505 326 566 sed
346 504 500 567 dissoluta
526 507 673 575 dissonat.
722 510 827 572 Verte:
855 508 1111 591 quemadmodum
1138 512 1273 573 secanda

184 592 371 669 numbram,
394 594 547 653 emuliere
564 592 781 675 progrediens,
802 598 922 657 nullisne
942 608 986 655 est
1009 599 1091 656 visae
1104 602 1271 678 particeps,

183 676 238 737 sed
246 676 399 737 dissoluto
410 682 498 759 perit.
541 680 659 741 Praeter
668 680 749 741 hanc
758 681 1006 761 significationem
1017 682 1102 745 verbi
1113 682 1272 762 διαφανέι»

182 762 376 842 reliquasque,
396 764 431 825 in
444 764 552 843 vulgus
567 775 661 842 natas,
681 786 740 827 una
754 768 915 828 admodum
924 787 1002 845 rara,
1023 765 1115 845 edico,
1130 789 1270 849 pronun-

181 848 236 909 cio.
279 848 421 909 Eusebius
434 851 545 909 Contra
554 848 684 915 Marcell.
699 856 751 919 32.
768 853 802 914 D.
824 852 857 915 ἐν
870 852 947 937 θείς)
967 845 1113 933 πνεύματι
1130 847 1270 933 διεφύνει

179 930 282 1013 λέγων.
328 934 422 1003 Recte
440 934 655 1014 Moutrcutius,
677 940 789 1017 spirita
808 936 867 997 Dei
896 938 1025 1019 afflatas
1042 925 1202 1016 profcitur:
1223 947 1270 998 est

180 1016 260 1077 enim
273 1016 324 1077 hic
336 1019 416 1163 iplem
431 1015 677 1165 οιιοᾶΔέξεφοίνει.
707 1018 940 1105 Διατιεφούνητα,
960 1024 1082 1101 morior,
1102 1022 1181 1085 inira
1192 1031 1295 1104 quo-B

179 1120 253 1182 que,
276 1106 328 1167 33.
373 1114 426 1165 .et
439 1106 490 1171 41.
534 1150 540 1163 .
1145 1134 1148 1141 .
1218 1105 1221 1122 '

263 1186 343 1249 ibid·
372 1190 427 1250 lin·
458 1193 509 1256 18.
539 1185 626 1255 Ούτο
656 1188 810 1258 διαλύοντι
834 1188 929 1277 τούτῳ
956 1188 1008 1256 καί
1036 1180 1267 1273 χνοματεύιντι]

178 1268 312 1351 Αιαλύοι,
337 1278 440 1333 animo
455 1275 610 1354 perlustro
630 1277 676 1353 (ut
695 1278 737 1337 ait
753 1279 795 1338 Μ.
813 1278 957 1357 Tullius),
978 1279 1094 1357 cogito,
1115 1277 1170 1340 vix
1191 1298 1268 1359 opus

178 1366 224 1416 est
243 1377 395 1437 moneam,
422 1360 621 1441 compositum
642 1382 703 1421 esse
728 1384 792 1422 nou
815 1384 883 1425 cum
903 1362 996 1424 verbo
1019 1356 1101 1440 λύοι,
1123 1362 1176 1422 sed
1198 1382 1268 1423 eum
1322 1380 1325 1385 ·

177 1434 270 1503 dirior.
312 1442 376 1502 Nisi
391 1444 487 1503 mavis
501 1446 648 1519 scribere,
671 1441 758 1509 Ούτω
776 1444 816 1529 δή
832 1442 970 1511 ύλύοντι·
992 1446 1074 1528 quod
1091 1446 1217 1507 suadent
1236 1456 1268 1507 st

175 1524 292 1607 phrasis
308 1534 358 1593 61.
375 1530 407 1589 C.
427 1523 562 1593 Ἀλύοντι
583 1528 616 1593 di
629 1524 726 1617 τούτῳ
741 1531 793 1595 καί
811 1526 1047 1613 χνωματεύοντι,
1073 1540 1103 1590 et
1116 1530 1266 1610 Agathino,

176 1612 256 1671 unde
277 1613 376 1675 omnis
390 1612 464 1673 haec
478 1626 691 1691 manaverunt,
712 1622 763 1683 20.
780 1617 815 1680 D.
831 1611 966 1681 Ἀλύοντι
984 1615 1018 1679 di
1037 1615 1070 1678 oi
1081 1614 1133 1679 ταί
1149 1638 1266 1699 ysopa·

174 1692 299 1760 τεύοντι.
341 1700 492 1761 Praeterea
508 1694 590 1764 ἆλύοι
605 1701 655 1767 34.
670 1700 705 1760 A.
719 1710 751 1761 et
763 1700 814 1767 74.
829 1700 862 1765 Β.

213 1836 216 1849 .
261 1787 335 1864 Pag.
358 1789 406 1851 11.
428 1786 481 1843 lin.
502 1789 533 1851 8.
556 1784 709 1865 ἰσοπέδου]
731 1786 769 1845 lu
781 1784 853 1846 Cod.
867 1794 912 1845 est
924 1780 1098 1862 ‘tormonte
1118 1783 1187 1846 h.e.
1203 1782 1265 1848 loo-

174 1866 286 1941 τιεδοῦς
306 1869 459 1948 (accentus
477 1870 555 1929 enim
572 1880 602 1930 et
623 1870 849 1948 circumflexos,
871 1870 925 1930 etsi
940 1890 1062 1951 perraro
1083 1870 1178 1929 alieno
1194 1869 1263 1930 loeo

175 1952 339 2032 collocant,
360 1962 457 2015 temen
470 1955 550 2015 iuter
564 1976 595 2015 se
609 1955 775 2035 saepissime
791 1954 978 2017 confundunt
995 1975 1064 2014 cum
1082 1954 1133 2013 alii
1148 1952 1265 2013 librarii

173 2036 324 2117 plerique,
346 2048 411 2099 tum
431 2039 464 2098 in
481 2040 585 2121 primis
608 2038 747 2126 noster),
769 2040 852 2119 quasi
871 2062 888 2097 a
908 2038 1093 2099 nominativo
1113 2035 1263 2119 ίσοιιεδὴς.

174 2121 257 2197 Ωιταε
272 2125 366 2185 forma
379 2125 547 2185 rarissima:
568 2125 601 2183 in
618 2125 727 2185 Lexica
743 2135 822 2185 certe
836 2124 972 2184 nondum
985 2124 1086 2185 relata.

189 2294 196 2307 1
239 2205 334 2307 fid·
357 2210 410 2270 lin·
428 2216 480 2277 22·
505 2206 545 2273 To*
560 2214 697 2275 τοιοῦτον
718 2207 757 2290 dri
779 2207 906 2290 τειχίον]
936 2209 1051 2289 Τειχίον
1076 2206 1153 2307 nihil
1180 2203 1263 2265 aliud

171 2292 440 2442 tttdtltltl.
454 2296 1289 2461 ltttttttltt.t‘tlt’s'lhttnltltttlll

172 2465 228 2541 tis,
250 2475 284 2524 ut
298 2465 463 2544 significatu
482 2465 637 2526 subtiliore
658 2466 784 2526 vocsbb.
799 2466 925 2526 confuso
945 2473 1045 2546 partes
1060 2484 1117 2544 pro
1139 2483 1173 2523 re
1185 2471 1260 2538 tota,

173 2549 356 2611 deminution
364 2571 420 2631 pro
432 2551 599 2630 primitivis,
615 2551 841 2631 compositapro
856 2549 1039 2632 simplicibus
1051 2539 1160 2608 teinere
1171 2567 1261 2607 usur-

172 2645 231 2715 pet.
266 2635 356 2714 Apud
370 2635 443 2695 elios
457 2638 564 2716 τειχίον
576 2637 726 2696 interdum
738 2637 849 2696 retinet
861 2637 925 2696 vim
937 2632 1121 2694 deminutivi.
1141 2633 1260 2692 Plutar-

174 2720 246 2780 chus
262 2722 342 2780 Aret.
357 2725 445 2786 1036.
456 2721 487 2780 Ε.
502 2719 677 2795 ὑποστείλας
690 2723 808 2802 τειχίοις
821 2719 880 2784 τισί
893 2720 944 2784 καί
959 2718 1136 2792 oleoselinon.
1157 2716 1260 2776 Achil-

171 2807 216 2866 les
234 2807 297 2868 Tae.
321 2807 362 2865 De
378 2805 470 2864 amor.
488 2805 672 2884 Clitophont.
693 2816 722 2864 et
741 2804 883 2886 Leucipp.
902 2808 953 2872 51.
974 2804 1008 2864 A.
1028 2803 1098 2886 περὶ
1114 2798 1147 2866 τύ
1168 2799 1260 2876 ύίλσος

172 2891 281 2972 τειχίον
294 2880 335 2969 ἦν
352 2887 494 2972 αὔταρκες
508 2891 551 2964 είς
563 2886 654 2969 ὕψος.
678 2891 707 2949 8.
719 2892 844 2950 loannes
853 2889 1082 2970 Chrysostomus
1097 2885 1259 2947 Homilrx.

172 2975 212 3035 sd
225 2976 371 3055 populum
384 2974 521 3036 Antioch.
539 2980 607 3043 129.
622 2976 656 3034 A.
671 2975 707 3034 de
721 2977 795 3051 Deo,
813 2994 895 3033 mare
909 2977 1010 3034 furens
1025 2993 1113 3032 arens
1124 2971 1260 3033 invalida

174 3061 360 3120 continente:
383 3058 536 3124 derisorios
559 3064 634 3148 χοῦν
652 3059 703 3122 καί
727 3055 854 3133 οἷσθενίς
873 3055 907 3123 ob
920 3061 1029 3140 τειχίον
1043 3057 1179 3136 ἐποίησε,
1205 3054 1258 3118 stoi

173 3141 212 3209 ού
228 3139 304 3220 ξύλα
317 3144 368 3210 καί
380 3147 502 3222 λίθους,
524 3139 596 3208 οὐδὲ
615 3141 687 3226 ὅρη,
707 3150 770 3219 τοῖς
789 3140 934 3224 αἰγιαλοῖς
956 3141 1110 3226 περιέβαλε
1128 3135 1258 3215 τούτοις.

173 3230 285 3290 Deinde
305 3229 424 3294 videtur
444 3231 553 3310 τειχίον
571 3230 679 3310 passim
694 3231 798 3290 eodem
816 3248 903 3288 sensu
917 3227 1059 3308 usurpari
1078 3248 1135 3306 qao
1148 3231 1257 3306 τοῖχος,

167 3319 281 3394 paries.
323 3317 409 3375 Unde
431 3309 593 3398 διορύττειν
613 3315 722 3395 τειχίον
742 3315 779 3375 de
800 3314 1018 3395 persuasoribus
1038 3313 1199 3392 parietum,
1220 3319 1258 3368 ut

171 3419 246 3460 voce
257 3400 391 3461 Plautina
405 3410 481 3460 utar.
495 3399 640 3478 Iosephus
657 3399 758 3479 Antiq.
779 3399 845 3458 lud
859 3405 929 3465 127.
942 3399 978 3460 Ε.
999 3395 1075 3480 πρὸς
1088 3391 1258 3479 ιλιαρύχμα·

170 3507 198 3546 τι
212 3485 330 3564 τειχίον.
351 3489 381 3544 3.
398 3487 531 3545 Clemens
540 3485 700 3545 Alexandr.
714 3489 854 3545 Strornat.
868 3485 939 3551 764.
950 3485 985 3546 B.
1005 3476 1192 3557 διορύξαντες
1205 3473 1257 3541 λα’·

171 3575 233 3649 θρα
247 3566 279 3632 τὰ
290 3572 396 3650 τειχίον
407 3575 460 3650 τῆς
473 3570 635 3646 ἐκκλησίας.
678 3569 748 3628 Sine
763 3569 795 3628 vi
816 3567 1001 3628 deminutira
1014 3567 1155 3626 videntur
1173 3561 1288 3622 adhi-l)

171 3653 240 3712 bere
254 3655 371 3716 Lucian.
385 3656 490 3718 Piscat.
506 3655 528 3718 Ι.
544 3656 652 3721 615.1.
668 3655 737 3717 edit.
758 3652 924 3714 Hemsterh.
941 3645 1139 3730 καθεζόμενος
1159 3641 1256 3710 ἔτιτὸ

171 3733 266 3818 ίίκρον
279 3743 335 3802 τοῦ
354 3741 471 3820 τειχίον.
493 3742 521 3804 S.
537 3739 625 3798 basil.
639 3740 688 3798 ⁴lle
701 3749 776 3818 grat.
799 3747 856 3800 aet.
869 3739 893 3800 Ι.
908 3742 980 3805 369.
1006 3737 1100 3796 lulius
1120 3733 1253 3794 African.

171 3822 266 3881 Gestis
278 3823 349 3890 305.
368 3826 401 3884 Ε.
422 3826 494 3903 Ego,
515 3825 585 3903 qnia
599 3824 696 3902 agitur
717 3826 755 3883 de
772 3824 939 3883 munitione
957 3820 1114 3895 metronsi,
1136 3818 1256 3877 vallum

169 3927 259 3968 ausus
272 3929 337 3969 euru
350 3919 466 3971 vertere
481 3930 549 3971 cum
565 3907 690 3970 hictum
705 3909 828 3970 inferius
838 3913 869 3975 8.
879 3909 914 3967 B.
935 3905 1032 3983 Alibi,
1053 3905 1104 3972 84.
1121 3903 1157 3965 A.
1178 3903 1256 3966 verti
1365 3911 1368 3915 ’

169 4013 298 4056 murus:
318 3994 384 4056 aliis
408 3994 499 4069 loeis,
519 4004 553 4054 ut
574 4000 624 4061 16.
649 3996 685 4058 D.
705 3995 884 4056 castelloms
912 3997 964 4059 77.
985 3991 1021 4056 A.
1049 3992 1256 4049 munitionem.

168 4079 346 4156 Figuratum,
367 4101 423 4159 pro
442 4082 640 4156 mantnano,
662 4083 693 4142 S.
716 4081 842 4142 loannes
861 4077 1014 4158 Chrysost.
1032 4075 1153 4135 adhibet
1173 4076 1257 4134 Orat.

167 4183 240 4224 κον.
255 4165 288 4224 in
298 4164 373 4226 Acts
389 4165 490 4246 Apost.
505 4184 549 4226 xv·
564 4167 635 4232 863.
652 4168 701 4232 13.
722 4164 795 4228 iero
808 4182 857 4228 σοι
869 4163 978 4244 τειχίον
989 4159 1043 4225 καί
1055 4161 1256 4243 τεοίφοαχμν.

169 4244 260 4326 danie
273 4249 325 4314 md
338 4245 418 4336 dieo.
459 4250 537 4312 Non
551 4249 692 4330 denique,
714 4249 749 4312 iu
764 4249 812 4312 his
829 4249 904 4312 losio
917 4245 1057 4310 omuibus
1069 4245 1256 4326 οοιιτείχιον,
