2959 4850
422 268 482 337 AD
502 268 789 339 NICEPHORUM
806 270 999 340 PHOCAM.
1161 264 1238 337 863

149 429 375 511 Tunceppoeiti
386 440 457 491 sunt
469 429 615 507 custodes,
630 428 680 509 qui
694 428 770 489 milri
781 439 811 491 et
824 430 897 491 meis
912 430 1030 491 edomo
1042 450 1107 493 mee
1121 432 1237 493 exitum

149 533 351 617 prohiberent.
371 532 617 612 Latineelinguae
630 552 784 614 pauperae,
794 535 847 613 qni
853 534 1157 613 meeleemosynarum
1168 546 1269 614 gre-B

150 638 194 697 tia
207 636 359 715 adierunt,
375 634 657 716 comprehendentes
669 636 856 713 cecideruut,
869 636 1022 698 custodiae
1033 633 1239 697 tradiderunt:

153 741 359 801 Graecolonon
373 758 482 815 meum,
492 738 528 799 ‘id
542 748 586 799 est
594 738 723 799 Graecae
735 739 854 819 linguae
864 760 999 819 guarum
1010 758 1073 800 nou
1084 738 1241 818 permitte-

150 840 225 901 bant
237 841 346 919 egredi,
363 841 467 901 saltem
482 850 519 901 ut
532 851 666 923 sumptus
682 851 801 920 emeret,
816 842 869 903 sod
880 862 986 903 cocum
1000 843 1097 903 solum
1111 842 1241 903 Graecae

149 942 424 1021 linguaeignerum:
440 944 492 1025 qui
499 964 562 1005 non
568 944 717 1023 signorum
726 943 885 1023 siguis,eed
892 942 1240 1025 digitornm,eeucepitis

149 1046 272 1107 nutibus
286 1066 355 1107 cuna
368 1047 524 1107 venditore
533 1047 853 1141 emptorloquebaturr
867 1030 1001 1128 teniique
1013 1047 1145 1109 nummis
1160 1065 1241 1109 eme

150 1148 203 1208 bat
216 1156 358 1227 quatuor,
380 1148 485 1227 quanti
498 1150 704 1211 Graeculonon
715 1151 871 1213 obeouium
881 1170 952 1211 uno.
995 1151 1034 1211 lit
1047 1171 1115 1211 cum
1127 1150 1243 1211 emico-
1358 1150 1363 1157 “

150 1270 219 1312 rum
235 1251 355 1330 quidam
365 1262 515 1329 mamete,
536 1273 641 1333 panes,
662 1253 786 1331 vinum,
806 1274 895 1335 poma
913 1254 1062 1327 mitteret3
1083 1254 1147 1315 solo
1162 1228 1267 1313 cua-‘

152 1362 201 1413 cta
217 1353 393 1431 fundentes,
413 1356 540 1416 nuncios
560 1355 694 1436 colaphis
717 1356 789 1417 satia
812 1366 950 1418 oneratos
971 1356 1161 1417 dimiscnaut.
1205 1354 1244 1415 lit

151 1455 213 1517 uisi
233 1455 337 1527 divine
357 1456 451 1537 pietas
467 1466 601 1537 peraseet
619 1458 653 1518 in
677 1467 840 1540 conspectu
862 1480 930 1519 meo
950 1478 1082 1519 mensam
1099 1458 1244 1518 adversus

152 1579 218 1637 coe,
241 1560 292 1640 qui
306 1558 453 1621 tribulant
469 1580 532 1634 me,
551 1559 614 1621 un'a
623 1558 698 1621 mibi
708 1570 814 1642 parete
828 1580 909 1623 mora
924 1562 1003 1621 foret
1014 1569 1148 1641 accepte.
1185 1556 1245 1618 Sed

152 1661 205 1741 qui
223 1662 359 1742 permisit
379 1662 505 1738 tentari,
527 1662 610 1737 dedit
623 1672 698 1723 tuno
716 1662 948 1725 misericorditer
968 1664 1041 1744 pati.
1088 1661 1244 1723 Huiusce-

150 1763 235 1825 modi
249 1784 296 1825 me
307 1764 474 1846 periculum
487 1766 619 1826 secundo
632 1766 786 1827 Nonarum
795 1765 875 1827 Iunii
889 1765 1035 1845 usquead
1048 1775 1166 1827 sextam
1179 1765 1276 1829 tto-c

150 1888 205 1927 nse
219 1867 376 1944 Octobris,
398 1866 656 1951 Constantinopoli
670 1869 776 1931 diebus
791 1868 907 1930 scilicet
923 1876 1045 1929 centum
1056 1867 1165 1948 viginti
1178 1887 1245 1927 ma·

152 1972 275 2033 ceravit.
317 1972 429 2033 Verum
441 1980 477 2031 at
490 1982 667 2049 augerentur
680 1971 864 2032 calamitates
873 1990 964 2048 meae,
985 1971 1020 2031 in
1033 1969 1246 2051 irrumptione

152 2075 276 2135 Sanctae
290 2075 344 2135 Dei
359 2073 519 2135 Genitricie
540 2074 715 2153 etWirgiuis
737 2073 862 2149 Mariae,
883 2092 950 2133 meo
966 2073 1065 2133 omine
1083 2093 1145 2132 non
1165 2072 1245 2131 bono

151 2187 300 2239 venerunt
316 2176 435 2237 Domini
452 2175 632 2257 Apoetolici,
652 2184 683 2235 et
695 2175 871 2235 universalia
889 2175 986 2255 Papae
999 2173 1120 2234 Ioannis
1139 2170 1247 2233 nuncii

152 2300 222 2339 caua
240 2279 353 2357 literis,
373 2279 480 2359 quibus
498 2278 644 2358 rogabant
661 2276 863 2360 Nicephorum
884 2278 1095 2358 hperetorem
1112 2274 1247 2335 Graeco·

151 2402 235 2460 rum,
265 2390 300 2444 ut
320 2384 504 2464 parentelam
524 2383 697 2463 firmamque
719 2380 880 2442 amicitiem
908 2381 1021 2442 iaceret
1040 2399 1108 2440 cum
1127 2378 1248 2455 dilecto,

152 2485 360 2566 spiritualique
379 2485 444 2546 filio
464 2507 518 2546 suo
538 2487 650 2546 Ottone
670 2487 873 2546 Romanorum
901 2484 1085 2566 Imperatore
1100 2481 1246 2561 Augusto.

153 2587 236 2661 Quae
255 2608 331 2659 vor,
354 2608 429 2667 quae
447 2587 605 2669 inecriptio
626 2587 791 2650 secundum
809 2587 938 2648 Graecos
956 2585 1126 2668 peccatrix,
1147 2593 1179 2644 et
1196 2591 1247 2644 te·

152 2691 294 2768 marotia,
316 2690 466 2771 quomodo
483 2692 608 2752 latorem
623 2711 687 2752 non
701 2689 861 2762 occiderit3
882 2709 939 2750 cur
951 2689 1127 2769 priusquam
1144 2684 1247 2746 laede-

153 2802 254 2869 retur,
275 2813 335 2854 non
354 2794 551 2874 oppresserit,
575 2793 627 2874 qui
639 2793 673 2854 in
688 2794 754 2852 aliia
768 2792 857 2854 rebus
879 2811 967 2873 saepe
984 2791 1092 2852 videor
1113 2805 1248 2870 epermo·

153 2895 241 2973 logus
263 2905 293 2956 et
310 2896 504 2975 multisonus,
524 2897 557 2955 in
570 2894 642 2973 hac,
663 2905 698 2956 nt
712 2895 819 2976 piscia,
840 2893 948 2955 videor
963 2893 1095 2955 insonae.
1134 2889 1277 2952 Obiurd)

117 2983 120 2988 ⁴
153 2999 262 3076 gabant
280 2998 386 3058 Graeci
401 3019 498 3076 mare,
518 2997 760 3080 imprecabantur
781 2997 919 3077 aequori,
945 2997 1015 3076 plus
1032 2997 1113 3057 iusto
1134 2997 1247 3054 miran-

153 3109 215 3176 tes,
237 3121 291 3162 cur
309 3111 465 3182 peccatum
488 3101 567 3162 illud
585 3111 704 3182 portare
725 3100 877 3182 potuerit,
899 3119 953 3161 cur
965 3101 1075 3161 fretum
1090 3097 1246 3158 dehiscens

153 3205 252 3266 navim
273 3225 336 3264 nou
361 3205 557 3266 absorbuerit.
605 3207 833 3295 Imperatorem,
860 3202 1020 3283 inquiunt,
1047 3201 1244 3262 universalem

153 3307 370 3384 Romanorum,
391 3306 566 3385 Augustum,
588 3327 745 3386 magnum,
764 3307 863 3374 tolum
875 3305 1075 3386 Nicephorum
1089 3304 1244 3384 scripsisse

155 3411 351 3489 Graecorum,
371 3409 521 3470 bominem
540 3411 695 3489 quemdam
715 3411 894 3488 barbarum,
914 3428 1075 3491 pauperem
1090 3409 1245 3468 Romano·

154 3531 222 3572 rum
241 3533 303 3573 non
323 3513 428 3594 piguit.
471 3513 497 3574 0
521 3513 652 3589 caelum,
674 3534 693 3572 o
713 3521 810 3589 terre,
838 3534 858 3571 o
878 3513 975 3571 mare!
1005 3511 1064 3570 Sed
1083 3510 1174 3590 quid,
1193 3509 1244 3568 in-

155 3613 277 3694 quiunt,
299 3615 440 3677 faciemus
456 3615 627 3676 hominibus
640 3615 706 3674 istie
720 3614 890 3692 sceleratio,
912 3611 1087 3674 criminosis.
1127 3613 1246 3692 Poupe.

153 3736 202 3775 ree
218 3725 306 3793 sunt,
327 3718 395 3776 etsi
413 3739 462 3777 eoo
478 3719 660 3794 occidimus,
682 3736 789 3775 uranus
804 3725 923 3776 noetree
941 3713 1083 3793 sangiune
1099 3713 1154 3772 rili
1169 3713 1245 3793 pol-

153 3818 280 3893 luimus3
301 3819 428 3898 pannosi
440 3829 523 3897 sunt,
546 3819 625 3883 servi
637 3827 721 3895 aurit,
742 3817 947 3893 rusticisunt5
968 3814 1247 3894 sieosssegellamus

154 3939 218 3979 non
230 3917 321 3998 ipsos,
333 3919 447 3978 aeduos
460 3919 683 3995 dedecoramus,
699 3921 949 4001 quinacliomane
965 3919 1079 3979 scutica
1093 3917 1245 3994 deaurata,

154 4041 210 4080 nec
228 4018 400 4082 huiusmodi
417 4032 489 4083 aunt
508 4025 648 4086 crucibus
666 4023 759 4104 digni.
801 4022 962 4084 Outinam
975 4021 1051 4083 alter
1070 4021 1278 4103 Epiempuull

153 4124 228 4184 alter
237 4123 372 4185 Merchio
388 4133 481 4186 casote
503 4126 595 4186 culeis
613 4127 692 4187 enim
704 4127 766 4187 suti
776 4133 845 4208 post
857 4125 979 4188 acerbos
992 4125 1143 4204 virgarum
1159 4123 1247 4198 ictus,

154 4235 224 4305 post
239 4227 346 4288 barbae
367 4247 421 4290 seu
446 4227 624 4310 capillorum
639 4229 861 4293 distractionem
869 4275 879 4307 ,
898 4228 933 4290 in
948 4247 1030 4291 mare
1040 4227 1247 4305 demergeren-
