2959 4850
259 337 361 386 xmo
397 385 399 392 ,
525 323 859 394 ultroneum
878 319 1093 394 MONITUM

252 491 335 574 riom
347 496 384 548 ut
398 481 488 564 venii,
504 485 626 566 praelio
639 489 815 566 superavit,
837 505 876 544 ec
882 481 985 564 fudit,
1007 495 1036 544 et
1049 487 1082 544 irs
1095 485 1217 564 Syriam
1231 485 1356 544 interio-

252 575 314 650 rern
329 587 496 668 compulit:
518 587 621 647 urbem
635 587 830 666 Berrlroeam,
844 599 965 668 excepta
980 608 1058 663 arce,
1072 584 1252 647 devastavit.
1272 585 1357 648 Idem
1415 655 1418 658 ⁴

253 700 374 769 onomat
398 691 485 750 etiam
516 690 646 750 Michael
668 691 779 769 Glycas
798 690 831 748 in
855 690 1020 749 Annalibus
1043 691 1076 750 P.
1103 689 1153 750 W.
1175 711 1206 771 p.
1228 690 1300 756 304.
1324 698 1356 748 et

167 833 169 836 -
253 803 379 874 uterque
402 791 480 852 hanc
501 793 630 854 allerunt
653 813 771 853 causam
785 793 857 851 edeo
873 792 1024 852 sollicitae
1045 792 1246 872 expeditionis
1268 791 1356 850 llice.

253 895 350 978 phori‘
370 894 404 954 in
428 893 598 970 Orientem,
624 895 706 974 quod
730 894 873 976 Iosephus
893 894 1004 974 Brings
1011 940 1021 972 ,
1044 895 1096 974 qni
1116 913 1218 954 rernm
1233 894 1267 954 in
1286 892 1357 953 nula

252 997 434 1080 potiebatur,
456 996 591 1055 Romano
606 996 644 1056 oh
660 997 765 1057 oculos
785 997 893 1058 callide
907 997 1051 1078 posuerit,
1074 996 1236 1057 invaluisse
1250 1016 1358 1058 rnmo-

253 1121 334 1174 rem,
361 1099 508 1166 victorem
533 1099 637 1160 Cretae
658 1099 845 1161 evehendum
865 1100 930 1160 tore
950 1099 990 1160 sd
1009 1100 1182 1182 imperium.
1223 1098 1358 1159 atvero

250 1201 406 1272 'cedrenus
428 1209 457 1260 et
480 1202 629 1280 Glycera
655 1202 753 1260 Leone
784 1202 916 1261 lliacono
938 1201 1086 1282 scriptore
1107 1221 1216 1264 coaevo
1240 1201 1272 1260 in
1297 1199 1360 1260 hoe

255 1303 412 1364 dissentire
431 1301 590 1375 videntur,
612 1303 694 1382 quod
712 1303 746 1362 hi
765 1304 935 1384 Nicephoro
954 1307 1072 1365 eCrets
1091 1305 1197 1365 reduci
1210 1297 1360 1362 Constan-

253 1405 416 1488 tinopolim
442 1405 545 1464 venire
562 1426 635 1465 non
661 1425 722 1465 esse
740 1407 933 1486 permissum,
953 1407 1006 1466 sed
1025 1417 1108 1494 recte
1128 1406 1178 1467 ria
1191 1407 1225 1465 in
1240 1405 1360 1486 Syriam

254 1508 300 1568 ire
311 1507 486 1567 mandatum
501 1507 646 1584 scribunt,
665 1508 716 1568 ille
729 1517 828 1567 autern
841 1519 947 1568 contre
961 1519 1103 1582 testatur,
1124 1508 1327 1590 Nicephorum
1343 1525 1361 1567 s

256 1611 343 1690 Creta
362 1609 537 1669 redeuntem
560 1631 623 1670 non
637 1609 726 1670 modo
744 1612 1036 1692 Constantinopolim
1049 1613 1182 1692 venisse,
1204 1611 1361 1672 sedetiam

256 1710 518 1790 Constantinopoli
532 1711 741 1792 triumphasse,
764 1722 793 1772 et
809 1712 882 1772 hinc
895 1725 998 1794 postes
1011 1716 1045 1776 in
1058 1715 1176 1795 Syriam
1189 1715 1361 1796 proiectum

256 1833 330 1876 esse.
373 1813 502 1872 Leonent
523 1815 641 1873 remita
658 1832 810 1874 enarrasse
825 1805 1010 1896 compertum
1025 1828 1071 1880 est
1084 1818 1244 1877 exLatinie
1260 1834 1361 1876 excer-

191 1909 194 1915 ’
255 1917 317 1998 ptis
339 1914 482 1976 historiae
508 1935 631 1976 suorum
655 1927 843 1996 temporum,
873 1938 961 1997 quam
981 1920 1020 1998 sd
1042 1919 1158 1980 obitum
1177 1939 1270 1998 usque
1293 1915 1361 1977 loh.

255 2019 410 2078 Trimiacis
434 2019 600 2098 protraxit,
622 2040 639 2079 ιι
654 2019 743 2098 Pugio
760 2019 793 2076 in
805 2019 913 2080 Critica
929 2021 962 2079 in
977 2021 1085 2082 Annol
1099 2024 1207 2084 Beron.
1219 2030 1292 2080 tom.
1307 2018 1360 2081 llI.

255 2141 323 2201 pag.
335 2121 411 2187 875.
427 2131 456 2180 et
472 2129 545 2180 tom.
560 2121 610 2179 IV.
625 2143 655 2200 p.
674 2121 843 2197 5.·rclatis,
865 2124 1000 2184 nondum
1019 2125 1097 2185 enirn
1116 2126 1149 2184 in
1167 2125 1266 2182 lucem
1281 2119 1362 2180 edita

160 2227 181 2254 '·
256 2233 301 2286 est
320 2224 434 2302 integra
458 2232 487 2281 et
506 2224 616 2283 Graece
638 2223 746 2284 Leonis
762 2225 913 2302 Historia,
935 2228 973 2287 sd
999 2229 1118 2309 prelum
1139 2226 1213 2286 licet
1225 2233 1361 2304 paratam

255 2319 412 2405 reliquerit
435 2325 635 2386 combefisius.
678 2327 789 2387 Verum
804 2328 974 2404 enimvero,
995 2330 1028 2387 ni
1051 2329 1159 2402 fallor,
1183 2325 1301 2386 facilem
1323 2323 1362 2383 ad

258 2428 423 2487 Gedrenum
446 2437 475 2489 et
496 2429 621 2505 Glycam
641 2447 709 2486 cnm
731 2430 829 2488 Leone
847 2432 978 2488 Diacono
993 2430 1026 2488 in
1047 2428 1107 2487 hoc
1122 2449 1242 2509 qnoque
1256 2427 1363 2487 conci·
1392 2454 1395 2458 ·
1452 2504 1456 2513 1

184 2580 187 2585 ,
225 2601 227 2609 ¹
257 2520 375 2590 liandos
394 2528 491 2609 aperit
510 2528 590 2588 viam
614 2530 734 2589 Simeon
755 2531 896 2609 Magister
917 2541 947 2591 et
967 2530 1132 2609 Logotheta
1150 2531 1184 2589 in
1197 2528 1362 2589 Annalibus
1381 2571 1385 2579 .

256 2633 291 2693 in
309 2632 385 2710 tina,
409 2632 461 2711 qui
487 2630 524 2689 de
537 2628 700 2711 Nicephoii
726 2631 881 2713 triumpho
901 2633 940 2693 ob
954 2633 1102 2693 devictam
1117 2634 1234 2693 Cretam
1252 2632 1295 2692 sic
1309 2632 1363 2691 lo-

258 2735 376 2815 quitur:
402 2732 436 2797 ‘0
453 2730 487 2796 δὲ
513 2729 658 2807 Βασιλεύς
676 2730 789 2814 μαθων
809 2730 866 2815 τήν
879 2739 935 2815 τῆς
954 2730 1078 2815 Κρήτης
1094 2729 1222 2812 ἅλωσιν,
1243 2729 1363 2809 tolgan

257 2834 312 2901 τόν
331 2832 421 2900 θεόν·
445 2828 512 2916 μετ’
532 2826 571 2898 ού
590 2830 667 2897 πολύ
686 2833 720 2897 δὲ
741 2836 794 2899 καλ
810 2834 828 2902 ὁ
846 2836 1030 2917 Δομέστικος
1045 2842 1107 2899 τοῖν
1124 2840 1248 2919 Σηολοῖν
1262 2840 1363 2913 Νικη·
1398 2874 1422 2901 α

258 2933 357 3022 φόρος
378 2932 510 3002 κελεύσει
529 2940 585 3000 τοῦ
606 2936 757 3013 Βασιλέως
774 2935 849 3021 πρὸς
865 2938 923 3020 την
942 2934 1032 3004 πόλιν
1047 2941 1203 3019 εἰσῆλθεν,
1224 2936 1275 2999 καλ
1289 2932 1362 3017 perd

257 3045 318 3103 τῶν
340 3037 484 3123 λαφύρων
503 3038 555 3102 καλ
573 3044 629 3120 τῆς
650 3040 853 3121 αἰχμαλωσίας
867 3034 946 3123 ἦλθε
961 3046 1040 3128 ’πεζῇ
1057 3035 1118 3105 circi
1132 3044 1190 3104 τού
1206 3038 1292 3101 οῖ’κοο
1308 3030 1363 3099 usi-

259 3146 318 3228 τού
334 3142 377 3215 εἰς
389 3137 423 3204 τύ
439 3135 643 3223 ἱπποδρόμιον
657 3137 720 3222 ἅμα
733 3147 777 3227 τῷ
787 3136 903 3225 Ἀμηρᾶ
911 3137 1034 3225 Κρήτης
1047 3148 1101 3206 τοῦ
1113 3139 1273 3225 λεγομένου
1280 3142 1364 3201 Κου-

259 3238 340 3329 ρόποι
359 3236 545 3307 celeriores
559 3247 621 3305 τοῖν
641 3249 796 3326 συγγενῶν
807 3240 904 3309 αύτού
911 3292 919 3323 ,
942 3242 1048 3321 στολοῖς,
1067 3240 1175 3318 levario
1189 3242 1364 3323 περιβεβλη.

259 3344 360 3428 μένων
380 3340 503 3409 πάντων
527 3368 589 3407 τιιν
607 3350 812 3429 Σοροκηνοῖν·
833 3347 884 3410 καλ
905 3346 926 3411 o‘
941 3329 996 3429 μὲύ
1012 3344 1188 3431 Μύγιστρος
1203 3348 1298 3426 τιμοῖν
1311 3340 1365 3405 καλ

137 3502 142 3527 ,
258 3450 356 3531 γερῶν
379 3442 514 3529 μεγάλων
542 3442 664 3529 η’ξιύθη
685 3444 770 3531 παρὰ
792 3453 850 3512 τοῦ
869 3442 1111 3533 Αύτοκρύτορος·
1142 3442 1307 3528 ι’Ἀμηρᾶς
1330 3440 1365 3507 dl

153 3592 157 3599 -
259 3552 382 3610 πλεῖστα
407 3548 488 3632 δοῖρα
503 3550 555 3614 καλ
575 3547 688 3632 γροσύν
703 3550 757 3615 καλ
775 3547 908 3634 ἄργυρον
922 3547 1006 3634 παραι
1020 3555 1077 3615 τού
1090 3547 1240 3623 Βασιλέως
1251 3541 1364 3629 leticie,

260 3645 320 3712 σύν
342 3656 406 3725 τοῖς
424 3650 541 3727 τέκνοις
562 3646 659 3716 edroi
674 3653 717 3729 εἷς
736 3656 832 3736 γωρλα
846 3646 1172 3735 οἰκεῖν-συνεχωρήθη,
1195 3652 1238 3725 εἰς
1258 3647 1291 3713 δὲ
1307 3646 1365 3730 τήν

261 3746 431 3831 σύγκλητον
451 3748 509 3817 orie
530 3748 738 3837 α’νεβιβύσθη,
760 3752 812 3818 deci
833 3752 870 3820 ed
890 3750 932 3838 μὴ
954 3750 1120 3836 βούλεσθαι
1135 3746 1245 3825 αύτούς
1258 3752 1365 3832 porceti

262 3854 392 3930 σθῆναι·
416 3852 435 3917 ὅ
455 3852 490 3917 δὲ
510 3853 658 3930 Βασιλεύς
672 3854 822 3938 Peperit
840 3850 1024 3939 Νικηφόρον
1043 3852 1094 3938 rip
1108 3847 1291 3938 Μύγιστρον
1310 3842 1365 3915 αύ-

260 3956 317 4025 otc
332 3949 408 4016 neri
425 3952 483 4036 τήν
497 3951 579 4042 ἑᾴαν
593 3954 795 4032 ἐξαπέστειλεν
809 3954 886 4019 moi
899 3959 956 4018 τοῦ
969 3947 1112 4029 ἆλοζύνος
1126 3954 1273 4037 Χαρβδᾶ·
1283 3952 1314 4017 ‘d
1330 3950 1366 4017 di

261 4044 422 4133 ιῖπελθιλν,
444 4060 564 4138 πρῶτον
586 4055 643 4139 μὲν
667 4052 723 4121 τύν
743 4056 863 4121 Χαλὲπο
883 4051 1014 4139 κᾶστρον
1026 4055 1193 4140 παρέβαλε,
1214 4054 1247 4131 ἐξ
1260 4048 1300 4118 ού
1312 4054 1365 4119 καλ

261 4149 408 4239 λαφύρων
429 4154 525 4240 πολλὴ
545 4160 659 4243 γίνεται
675 4153 844 4242 συναγωγή.
885 4158 1071 4239 Imperator,
1094 4159 1150 4217 ubi
1167 4167 1290 4238 captam
1304 4180 1366 4217 ease

264 4257 384 4319 Οιιλοπι
394 4264 552 4343 cognovit,
574 4264 641 4324 Deo
651 4258 764 4324 mun
781 4263 965 4343 gratiaeque
981 4261 1140 4348 persolvit.
1190 4262 1267 4320 Tum
1282 4252 1366 4321 brevi
