<?xml version="1.0" encoding="UTF-8"?>
<!DOCTYPE html PUBLIC "-//W3C//DTD XHTML 1.0 Transitional//EN"
    "http://www.w3.org/TR/xhtml1/DTD/xhtml1-transitional.dtd">
<html xmlns="http://www.w3.org/1999/xhtml" xml:lang="en" lang="en">
 <head>
  <title>
</title>
<meta http-equiv="Content-Type" content="text/html;charset=utf-8" />
  <meta name='ocr-system' content='tesseract 3.04.00' />
  <meta name='ocr-capabilities' content='ocr_page ocr_carea ocr_par ocr_line ocrx_word'/>
</head>
<body>
  <div class='ocr_page' id='page_1' title='image "./corpusscriptoru00theogoog/corpusscriptoru00theogoog_0651.png"; bbox 0 0 2959 4850; ppageno 0'>
   <div class='ocr_carea' id='block_1_1' title="bbox 297 276 1225 360">
    <p class='ocr_par' dir='ltr' id='par_1_1' title="bbox 297 276 1225 360">
     <span class='ocr_line' id='line_1_1' title="bbox 297 276 1225 360; baseline -0.006 1"><span class='ocrx_word' id='word_1_1' title='bbox 297 318 303 344; x_wconf 67' lang='grc'><strong>1</strong></span> <span class='ocrx_word' id='word_1_2' title='bbox 400 292 447 360; x_wconf 85' lang='grc' dir='ltr'><strong>ΙΝ</strong></span> <span class='ocrx_word' id='word_1_3' title='bbox 465 288 707 359; x_wconf 84' lang='lat' dir='ltr'><strong>THEODOSII</strong></span> <span class='ocrx_word' id='word_1_4' title='bbox 723 286 956 359; x_wconf 77' lang='lat' dir='ltr'><strong>ACROASES.</strong></span> <span class='ocrx_word' id='word_1_5' title='bbox 1148 276 1225 355; x_wconf 78' lang='grc'><strong>655</strong></span> 
     </span>
    </p>
   </div>
   <div class='ocr_carea' id='block_1_2' title="bbox 130 424 1357 958">
    <p class='ocr_par' dir='ltr' id='par_1_2' title="bbox 134 424 1273 621">
     <span class='ocr_line' id='line_1_2' title="bbox 134 424 1226 541; baseline -0.004 -23"><span class='ocrx_word' id='word_1_6' title='bbox 134 456 176 541; x_wconf 62' lang='grc' dir='ltr'><strong>τῇ</strong></span> <span class='ocrx_word' id='word_1_7' title='bbox 196 454 371 540; x_wconf 63' lang='grc' dir='ltr'><strong>11111ῇὼ</strong></span> <span class='ocrx_word' id='word_1_8' title='bbox 390 444 575 533; x_wconf 70' lang='lat' dir='ltr'><strong>tpeypdaae.</strong></span> <span class='ocrx_word' id='word_1_9' title='bbox 597 447 738 510; x_wconf 80' lang='lat' dir='ltr'><strong>orationis</strong></span> <span class='ocrx_word' id='word_1_10' title='bbox 763 424 927 512; x_wconf 70' lang='lat' dir='ltr'><strong>subiectum</strong></span> <span class='ocrx_word' id='word_1_11' title='bbox 949 456 995 515; x_wconf 81' lang='lat' dir='ltr'><strong>eet</strong></span> <span class='ocrx_word' id='word_1_12' title='bbox 1009 445 1043 511; x_wconf 85' lang='lat' dir='ltr'><strong>ol</strong></span> <span class='ocrx_word' id='word_1_13' title='bbox 1057 450 1226 529; x_wconf 71' lang='grc' dir='ltr'><strong><em>σφενδονο-</em></strong></span> 
     </span>
     <span class='ocr_line' id='line_1_3' title="bbox 134 530 1273 621; baseline -0.004 -22"><span class='ocrx_word' id='word_1_14' title='bbox 134 535 277 621; x_wconf 72' lang='grc' dir='ltr'><strong>στρόφοι,</strong></span> <span class='ocrx_word' id='word_1_15' title='bbox 297 538 349 618; x_wconf 89' lang='lat' dir='ltr'><strong>qui</strong></span> <span class='ocrx_word' id='word_1_16' title='bbox 373 536 542 600; x_wconf 79' lang='lat' dir='ltr'><strong>machinam</strong></span> <span class='ocrx_word' id='word_1_17' title='bbox 560 536 698 599; x_wconf 82' lang='lat' dir='ltr'><strong>bellicam</strong></span> <span class='ocrx_word' id='word_1_18' title='bbox 715 544 872 613; x_wconf 87' lang='lat' dir='ltr'><strong>torquent,</strong></span> <span class='ocrx_word' id='word_1_19' title='bbox 893 534 1045 613; x_wconf 81' lang='lat' dir='ltr'><strong>molesque</strong></span> <span class='ocrx_word' id='word_1_20' title='bbox 1057 536 1233 617; x_wconf 53' lang='lat' dir='ltr'><strong>eiimposi?</strong></span> <span class='ocrx_word' id='word_1_21' title='bbox 1268 530 1273 542; x_wconf 83' lang='grc'><strong>“</strong></span> 
     </span>
    </p>

    <p class='ocr_par' dir='ltr' id='par_1_3' title="bbox 132 619 1226 704">
     <span class='ocr_line' id='line_1_4' title="bbox 132 619 1226 704; baseline -0.005 -20"><span class='ocrx_word' id='word_1_22' title='bbox 132 634 179 684; x_wconf 83' lang='grc'><strong>111</strong></span> <span class='ocrx_word' id='word_1_23' title='bbox 196 644 255 704; x_wconf 88' lang='lat' dir='ltr'><strong>ope</strong></span> <span class='ocrx_word' id='word_1_24' title='bbox 265 623 384 692; x_wconf 75' lang='lat' dir='ltr'><strong>lirnium</strong></span> <span class='ocrx_word' id='word_1_25' title='bbox 399 623 579 681; x_wconf 81' lang='lat' dir='ltr'><strong>iaculantur.</strong></span> <span class='ocrx_word' id='word_1_26' title='bbox 620 620 697 679; x_wconf 83' lang='lat' dir='ltr'><strong>Male</strong></span> <span class='ocrx_word' id='word_1_27' title='bbox 709 619 810 699; x_wconf 85' lang='lat' dir='ltr'><strong>itaque</strong></span> <span class='ocrx_word' id='word_1_28' title='bbox 830 620 971 681; x_wconf 76' lang='lat' dir='ltr'><strong>vertitur:</strong></span> <span class='ocrx_word' id='word_1_29' title='bbox 994 620 1226 700; x_wconf 64' lang='grc'><strong>1111111111-</strong></span> 
     </span>
    </p>

    <p class='ocr_par' dir='ltr' id='par_1_4' title="bbox 132 704 1224 785">
     <span class='ocr_line' id='line_1_5' title="bbox 132 704 1224 785; baseline -0.005 -16"><span class='ocrx_word' id='word_1_30' title='bbox 132 713 213 769; x_wconf 75' lang='grc'><strong>11111</strong></span> <span class='ocrx_word' id='word_1_31' title='bbox 233 707 279 767; x_wconf 86' lang='lat' dir='ltr'><strong>ad</strong></span> <span class='ocrx_word' id='word_1_32' title='bbox 296 728 366 767; x_wconf 82' lang='lat' dir='ltr'><strong>eum</strong></span> <span class='ocrx_word' id='word_1_33' title='bbox 386 705 571 766; x_wconf 82' lang='lat' dir='ltr'><strong>arctandum</strong></span> <span class='ocrx_word' id='word_1_34' title='bbox 591 706 744 781; x_wconf 72' lang='lat' dir='ltr'><strong>vinculis,-</strong></span> <span class='ocrx_word' id='word_1_35' title='bbox 766 705 849 785; x_wconf 88' lang='lat' dir='ltr'><strong>quasi</strong></span> <span class='ocrx_word' id='word_1_36' title='bbox 868 705 905 765; x_wconf 92' lang='lat' dir='ltr'><strong>de</strong></span> <span class='ocrx_word' id='word_1_37' title='bbox 918 704 1000 765; x_wconf 84' lang='lat' dir='ltr'><strong>asino</strong></span> <span class='ocrx_word' id='word_1_38' title='bbox 1012 705 1133 764; x_wconf 83' lang='lat' dir='ltr'><strong>funibus</strong></span> <span class='ocrx_word' id='word_1_39' title='bbox 1150 725 1224 765; x_wconf 83' lang='lat' dir='ltr'><strong>con-</strong></span> 
     </span>
    </p>

    <p class='ocr_par' dir='ltr' id='par_1_5' title="bbox 130 789 1357 958">
     <span class='ocr_line' id='line_1_6' title="bbox 131 789 1357 873; baseline -0.009 -19"><span class='ocrx_word' id='word_1_40' title='bbox 131 794 238 854; x_wconf 81' lang='lat' dir='ltr'><strong>stricto</strong></span> <span class='ocrx_word' id='word_1_41' title='bbox 258 804 376 873; x_wconf 64' lang='lat' dir='ltr'><strong>agrium</strong></span> <span class='ocrx_word' id='word_1_42' title='bbox 398 812 490 872; x_wconf 83' lang='lat' dir='ltr'><strong>quam</strong></span> <span class='ocrx_word' id='word_1_43' title='bbox 503 792 558 853; x_wconf 77' lang='lat' dir='ltr'><strong>site</strong></span> <span class='ocrx_word' id='word_1_44' title='bbox 577 791 626 851; x_wconf 88' lang='grc'><strong>1111</strong></span> <span class='ocrx_word' id='word_1_45' title='bbox 640 801 738 852; x_wconf 87' lang='lat' dir='ltr'><strong>autem</strong></span> <span class='ocrx_word' id='word_1_46' title='bbox 752 790 887 851; x_wconf 87' lang='lat' dir='ltr'><strong>conversi</strong></span> <span class='ocrx_word' id='word_1_47' title='bbox 901 790 941 850; x_wconf 86' lang='lat' dir='ltr'><strong>ad</strong></span> <span class='ocrx_word' id='word_1_48' title='bbox 955 798 1050 853; x_wconf 77' lang='lat' dir='ltr'><strong>tortos</strong></span> <span class='ocrx_word' id='word_1_49' title='bbox 1064 789 1225 851; x_wconf 85' lang='lat' dir='ltr'><strong>machina·-</strong></span> <span class='ocrx_word' id='word_1_50' title='bbox 1350 824 1357 843; x_wconf 80' lang='lat'><strong>.</strong></span> 
     </span>
     <span class='ocr_line' id='line_1_7' title="bbox 130 877 729 958; baseline -0.003 -19"><span class='ocrx_word' id='word_1_51' title='bbox 130 898 200 939; x_wconf 83' lang='lat' dir='ltr'><strong>rum</strong></span> <span class='ocrx_word' id='word_1_52' title='bbox 218 880 314 945; x_wconf 81' lang='lat' dir='ltr'><strong>sanes.</strong></span> <span class='ocrx_word' id='word_1_53' title='bbox 327 877 410 958; x_wconf 68' lang='grc'><strong>11]</strong></span> <span class='ocrx_word' id='word_1_54' title='bbox 725 908 729 915; x_wconf 92' lang='grc'><em>·</em></span> 
     </span>
    </p>
   </div>
   <div class='ocr_carea' id='block_1_3' title="bbox 131 979 1226 1150">
    <p class='ocr_par' dir='ltr' id='par_1_6' title="bbox 131 979 1226 1150">
     <span class='ocr_line' id='line_1_8' title="bbox 218 979 1226 1064; baseline -0.011 -12"><span class='ocrx_word' id='word_1_55' title='bbox 218 991 289 1053; x_wconf 79' lang='lat'><strong>182.</strong></span> <span class='ocrx_word' id='word_1_56' title='bbox 311 979 521 1064; x_wconf 73' lang='lat' dir='ltr'><strong>Xelovirsove]</strong></span> <span class='ocrx_word' id='word_1_57' title='bbox 541 981 664 1043; x_wconf 78' lang='lat' dir='ltr'><strong>Asinum</strong></span> <span class='ocrx_word' id='word_1_58' title='bbox 677 980 859 1042; x_wconf 78' lang='lat' dir='ltr'><strong>temadlneos</strong></span> <span class='ocrx_word' id='word_1_59' title='bbox 866 980 959 1062; x_wconf 85' lang='lat' dir='ltr'><strong>pedes</strong></span> <span class='ocrx_word' id='word_1_60' title='bbox 970 982 1126 1043; x_wconf 74' lang='lat' dir='ltr'><strong>habentem</strong></span> <span class='ocrx_word' id='word_1_61' title='bbox 1141 980 1226 1059; x_wconf 90' lang='lat' dir='ltr'><strong>dicit,</strong></span> 
     </span>
     <span class='ocr_line' id='line_1_9' title="bbox 131 1069 656 1150; baseline -0.004 -19"><span class='ocrx_word' id='word_1_62' title='bbox 131 1070 171 1131; x_wconf 93' lang='lat' dir='ltr'><strong>ob</strong></span> <span class='ocrx_word' id='word_1_63' title='bbox 183 1071 245 1131; x_wconf 90' lang='lat' dir='ltr'><strong>eius</strong></span> <span class='ocrx_word' id='word_1_64' title='bbox 260 1072 414 1150; x_wconf 73' lang='lat' dir='ltr'>segnitiem</span> <span class='ocrx_word' id='word_1_65' title='bbox 433 1079 464 1130; x_wconf 90' lang='lat' dir='ltr'><strong>et</strong></span> <span class='ocrx_word' id='word_1_66' title='bbox 477 1069 656 1129; x_wconf 75' lang='lat' dir='ltr'><strong>tarditatem.</strong></span> 
     </span>
    </p>
   </div>
   <div class='ocr_carea' id='block_1_4' title="bbox 130 1160 1227 1329">
    <p class='ocr_par' dir='ltr' id='par_1_7' title="bbox 130 1160 1227 1329">
     <span class='ocr_line' id='line_1_10' title="bbox 130 1160 1227 1259; baseline -0.009 -17"><span class='ocrx_word' id='word_1_67' title='bbox 130 1218 156 1237; x_wconf 92' lang='lat'><strong>·.</strong></span> <span class='ocrx_word' id='word_1_68' title='bbox 218 1176 287 1241; x_wconf 83' lang='lat'><strong>184.</strong></span> <span class='ocrx_word' id='word_1_69' title='bbox 310 1174 431 1259; x_wconf 75' lang='grc' dir='ltr'><strong><em>Ξέρξης]</em></strong></span> <span class='ocrx_word' id='word_1_70' title='bbox 454 1174 546 1252; x_wconf 87' lang='lat' dir='ltr'><strong>Vide,</strong></span> <span class='ocrx_word' id='word_1_71' title='bbox 567 1196 642 1253; x_wconf 74' lang='lat' dir='ltr'><strong>miae</strong></span> <span class='ocrx_word' id='word_1_72' title='bbox 662 1176 700 1237; x_wconf 92' lang='lat' dir='ltr'><strong>de</strong></span> <span class='ocrx_word' id='word_1_73' title='bbox 723 1172 783 1236; x_wconf 88' lang='lat' dir='ltr'><strong>boc</strong></span> <span class='ocrx_word' id='word_1_74' title='bbox 797 1174 908 1237; x_wconf 73' lang='lat' dir='ltr'><strong>Xenis</strong></span> <span class='ocrx_word' id='word_1_75' title='bbox 929 1175 1008 1236; x_wconf 84' lang='lat' dir='ltr'><strong>iacto</strong></span> <span class='ocrx_word' id='word_1_76' title='bbox 1021 1173 1157 1256; x_wconf 85' lang='lat' dir='ltr'><strong>superius</strong></span> <span class='ocrx_word' id='word_1_77' title='bbox 1170 1160 1227 1233; x_wconf 77' lang='lat' dir='ltr'><strong>id-</strong></span> 
     </span>
     <span class='ocr_line' id='line_1_11' title="bbox 131 1259 644 1329; baseline 0.004 -10"><span class='ocrx_word' id='word_1_78' title='bbox 131 1259 301 1321; x_wconf 84' lang='lat' dir='ltr'><strong>notavimus</strong></span> <span class='ocrx_word' id='word_1_79' title='bbox 317 1264 439 1321; x_wconf 74' lang='lat' dir='ltr'><strong>boreas.</strong></span> <span class='ocrx_word' id='word_1_80' title='bbox 460 1262 498 1323; x_wconf 92' lang='lat' dir='ltr'><strong>ll.</strong></span> <span class='ocrx_word' id='word_1_81' title='bbox 521 1281 555 1323; x_wconf 84' lang='lat' dir='ltr'><strong>v.</strong></span> <span class='ocrx_word' id='word_1_82' title='bbox 572 1268 644 1329; x_wconf 78' lang='lat'><strong>266.</strong></span> 
     </span>
    </p>
   </div>
   <div class='ocr_carea' id='block_1_5' title="bbox 16 1365 1232 1941">
    <p class='ocr_par' dir='ltr' id='par_1_8' title="bbox 16 1365 1232 1941">
     <span class='ocr_line' id='line_1_12' title="bbox 16 1365 823 1484; baseline -0.002 -51"><span class='ocrx_word' id='word_1_83' title='bbox 16 1382 79 1484; x_wconf 47' lang='grc' dir='ltr'><strong>’ὁ</strong></span> <span class='ocrx_word' id='word_1_84' title='bbox 217 1365 296 1429; x_wconf 72' lang='lat' dir='ltr'><strong>ibid.</strong></span> <span class='ocrx_word' id='word_1_85' title='bbox 318 1366 395 1448; x_wconf 82' lang='lat' dir='ltr'><strong>Nia]</strong></span> <span class='ocrx_word' id='word_1_86' title='bbox 417 1368 537 1447; x_wconf 78' lang='lat' dir='ltr'><strong>corrige</strong></span> <span class='ocrx_word' id='word_1_87' title='bbox 549 1366 629 1432; x_wconf 78' lang='lat' dir='ltr'><strong>rior.</strong></span> <span class='ocrx_word' id='word_1_88' title='bbox 821 1448 823 1451; x_wconf 22' lang='grc' dir='ltr'>Ι</span> 
     </span>
     <span class='ocr_line' id='line_1_13' title="bbox 216 1466 1229 1549; baseline -0.009 -12"><span class='ocrx_word' id='word_1_89' title='bbox 216 1476 287 1540; x_wconf 75' lang='grc'><strong>198.</strong></span> <span class='ocrx_word' id='word_1_90' title='bbox 308 1466 477 1549; x_wconf 52' lang='lat' dir='ltr'><strong>liuderus]</strong></span> <span class='ocrx_word' id='word_1_91' title='bbox 500 1475 662 1534; x_wconf 85' lang='lat' dir='ltr'><strong>Saracenos</strong></span> <span class='ocrx_word' id='word_1_92' title='bbox 685 1474 763 1535; x_wconf 81' lang='lat' dir='ltr'><strong>fame</strong></span> <span class='ocrx_word' id='word_1_93' title='bbox 784 1474 952 1536; x_wconf 70' lang='lat' dir='ltr'><strong>laborantes</strong></span> <span class='ocrx_word' id='word_1_94' title='bbox 973 1473 1088 1533; x_wconf 84' lang='lat' dir='ltr'><strong>asinum</strong></span> <span class='ocrx_word' id='word_1_95' title='bbox 1107 1490 1148 1533; x_wconf 81' lang='lat' dir='ltr'><strong>ex</strong></span> <span class='ocrx_word' id='word_1_96' title='bbox 1160 1470 1229 1529; x_wconf 76' lang='lat' dir='ltr'><strong>im·</strong></span> 
     </span>
     <span class='ocr_line' id='line_1_14' title="bbox 129 1557 1231 1639; baseline -0.002 -22"><span class='ocrx_word' id='word_1_97' title='bbox 129 1557 244 1637; x_wconf 82' lang='lat' dir='ltr'><strong>perviis</strong></span> <span class='ocrx_word' id='word_1_98' title='bbox 264 1558 450 1639; x_wconf 83' lang='lat' dir='ltr'><strong>occultisque</strong></span> <span class='ocrx_word' id='word_1_99' title='bbox 474 1558 549 1617; x_wconf 89' lang='lat' dir='ltr'><strong>locis</strong></span> <span class='ocrx_word' id='word_1_100' title='bbox 570 1561 604 1617; x_wconf 86' lang='lat' dir='ltr'><strong>in</strong></span> <span class='ocrx_word' id='word_1_101' title='bbox 617 1560 716 1619; x_wconf 91' lang='lat' dir='ltr'><strong>cibum</strong></span> <span class='ocrx_word' id='word_1_102' title='bbox 730 1561 878 1639; x_wconf 84' lang='lat' dir='ltr'><strong>accepisse</strong></span> <span class='ocrx_word' id='word_1_103' title='bbox 889 1558 998 1638; x_wconf 84' lang='lat' dir='ltr'><strong>inquit,</strong></span> <span class='ocrx_word' id='word_1_104' title='bbox 1020 1557 1162 1637; x_wconf 89' lang='lat' dir='ltr'><strong>quoniam</strong></span> <span class='ocrx_word' id='word_1_105' title='bbox 1176 1576 1231 1635; x_wconf 91' lang='lat' dir='ltr'><strong>per</strong></span> 
     </span>
     <span class='ocr_line' id='line_1_15' title="bbox 130 1642 1188 1725; baseline 0 -24"><span class='ocrx_word' id='word_1_106' title='bbox 130 1648 246 1719; x_wconf 73' lang='lat' dir='ltr'><strong>airam,</strong></span> <span class='ocrx_word' id='word_1_107' title='bbox 270 1643 397 1722; x_wconf 90' lang='lat' dir='ltr'><strong>ideoque</strong></span> <span class='ocrx_word' id='word_1_108' title='bbox 415 1663 471 1723; x_wconf 89' lang='lat' dir='ltr'><strong>psr</strong></span> <span class='ocrx_word' id='word_1_109' title='bbox 482 1642 547 1703; x_wconf 77' lang='lat' dir='ltr'><strong>vias</strong></span> <span class='ocrx_word' id='word_1_110' title='bbox 562 1644 692 1705; x_wconf 83' lang='lat' dir='ltr'><strong>sibinen</strong></span> <span class='ocrx_word' id='word_1_111' title='bbox 708 1646 847 1725; x_wconf 84' lang='lat' dir='ltr'><strong>proprias</strong></span> <span class='ocrx_word' id='word_1_112' title='bbox 864 1644 1068 1703; x_wconf 82' lang='lat' dir='ltr'><strong>eis&#39;immissus</strong></span> <span class='ocrx_word' id='word_1_113' title='bbox 1083 1643 1188 1701; x_wconf 84' lang='lat' dir='ltr'><strong>fuerat.</strong></span> 
     </span>
     <span class='ocr_line' id='line_1_16' title="bbox 218 1741 1209 1830; baseline -0.005 -17"><span class='ocrx_word' id='word_1_114' title='bbox 218 1752 289 1819; x_wconf 83' lang='lat'><strong>195.</strong></span> <span class='ocrx_word' id='word_1_115' title='bbox 311 1741 443 1829; x_wconf 69' lang='lat' dir='ltr'><strong>Adroeie]</strong></span> <span class='ocrx_word' id='word_1_116' title='bbox 464 1749 515 1809; x_wconf 87' lang='lat' dir='ltr'><strong>Sic</strong></span> <span class='ocrx_word' id='word_1_117' title='bbox 538 1749 615 1812; x_wconf 88' lang='lat' dir='ltr'><strong>bene</strong></span> <span class='ocrx_word' id='word_1_118' title='bbox 630 1750 839 1830; x_wconf 87' lang='lat' dir='ltr'><strong>corrigendum</strong></span> <span class='ocrx_word' id='word_1_119' title='bbox 854 1750 1036 1811; x_wconf 77' lang='lat' dir='ltr'><strong>coniectavit&#39;</strong></span> <span class='ocrx_word' id='word_1_120' title='bbox 1046 1748 1209 1809; x_wconf 86' lang='lat' dir='ltr'><strong>Cornelius.</strong></span> 
     </span>
     <span class='ocr_line' id='line_1_17' title="bbox 215 1855 1232 1941; baseline -0.011 -18"><span class='ocrx_word' id='word_1_121' title='bbox 215 1861 289 1923; x_wconf 80' lang='lat'><strong>207.</strong></span> <span class='ocrx_word' id='word_1_122' title='bbox 317 1856 468 1931; x_wconf 70' lang='grc' dir='ltr'><strong>Φίλιππος</strong></span> <span class='ocrx_word' id='word_1_123' title='bbox 494 1855 626 1941; x_wconf 71' lang='lat' dir='ltr'><strong>duple]</strong></span> <span class='ocrx_word' id='word_1_124' title='bbox 659 1855 815 1937; x_wconf 84' lang='lat' dir='ltr'>Philippus</span> <span class='ocrx_word' id='word_1_125' title='bbox 835 1856 953 1939; x_wconf 89' lang='lat' dir='ltr'><strong>primus</strong></span> <span class='ocrx_word' id='word_1_126' title='bbox 960 1904 969 1933; x_wconf 93' lang='lat'><strong>,</strong></span> <span class='ocrx_word' id='word_1_127' title='bbox 998 1856 1069 1935; x_wconf 85' lang='lat' dir='ltr'><strong>quia</strong></span> <span class='ocrx_word' id='word_1_128' title='bbox 1094 1855 1144 1913; x_wconf 87' lang='lat' dir='ltr'><strong>alii</strong></span> <span class='ocrx_word' id='word_1_129' title='bbox 1162 1862 1232 1935; x_wconf 85' lang='lat' dir='ltr'><strong>post</strong></span> 
     </span>
    </p>
   </div>
   <div class='ocr_carea' id='block_1_6' title="bbox 127 1939 1231 2361">
    <p class='ocr_par' dir='ltr' id='par_1_9' title="bbox 127 1939 1231 2361">
     <span class='ocr_line' id='line_1_18' title="bbox 130 1939 1230 2022; baseline -0.004 -19"><span class='ocrx_word' id='word_1_130' title='bbox 130 1960 200 2003; x_wconf 78' lang='lat' dir='ltr'><strong>oum</strong></span> <span class='ocrx_word' id='word_1_131' title='bbox 220 1940 355 2001; x_wconf 74' lang='lat' dir='ltr'><strong>eiusdem</strong></span> <span class='ocrx_word' id='word_1_132' title='bbox 376 1941 508 2001; x_wconf 88' lang='lat' dir='ltr'><strong>nominis</strong></span> <span class='ocrx_word' id='word_1_133' title='bbox 526 1964 610 2022; x_wconf 78' lang='lat' dir='ltr'><strong>reges</strong></span> <span class='ocrx_word' id='word_1_134' title='bbox 635 1942 860 2003; x_wconf 86' lang='lat' dir='ltr'><strong>Macedonicum</strong></span> <span class='ocrx_word' id='word_1_135' title='bbox 881 1941 1042 2021; x_wconf 89' lang='lat' dir='ltr'><strong>imperium</strong></span> <span class='ocrx_word' id='word_1_136' title='bbox 1065 1939 1230 2000; x_wconf 81' lang='lat' dir='ltr'>obtinuere.</span> 
     </span>
     <span class='ocr_line' id='line_1_19' title="bbox 127 2023 1230 2109; baseline -0.005 -23"><span class='ocrx_word' id='word_1_137' title='bbox 127 2026 207 2109; x_wconf 82' lang='lat' dir='ltr'><strong>Eum</strong></span> <span class='ocrx_word' id='word_1_138' title='bbox 219 2026 310 2087; x_wconf 87' lang='lat' dir='ltr'><strong>totius</strong></span> <span class='ocrx_word' id='word_1_139' title='bbox 325 2027 468 2088; x_wconf 79' lang='lat' dir='ltr'><strong>Graeciae</strong></span> <span class='ocrx_word' id='word_1_140' title='bbox 483 2028 652 2087; x_wconf 85' lang='lat' dir='ltr'><strong>dominatui</strong></span> <span class='ocrx_word' id='word_1_141' title='bbox 665 2028 817 2086; x_wconf 82' lang='lat' dir='ltr'><strong>ambitiose</strong></span> <span class='ocrx_word' id='word_1_142' title='bbox 830 2024 1005 2102; x_wconf 79' lang='lat' dir='ltr'><strong>inhiantem,</strong></span> <span class='ocrx_word' id='word_1_143' title='bbox 1027 2033 1057 2084; x_wconf 88' lang='lat' dir='ltr'><strong>et</strong></span> <span class='ocrx_word' id='word_1_144' title='bbox 1070 2023 1230 2083; x_wconf 76' lang='lat' dir='ltr'><strong>Athenien·</strong></span> 
     </span>
     <span class='ocr_line' id='line_1_20' title="bbox 129 2108 1230 2192; baseline -0.004 -21"><span class='ocrx_word' id='word_1_145' title='bbox 129 2130 179 2173; x_wconf 85' lang='lat' dir='ltr'><strong>sea</strong></span> <span class='ocrx_word' id='word_1_146' title='bbox 199 2110 376 2192; x_wconf 79' lang='lat' dir='ltr'><strong>praecipue,</strong></span> <span class='ocrx_word' id='word_1_147' title='bbox 397 2132 525 2191; x_wconf 84' lang='lat' dir='ltr'><strong>quorum</strong></span> <span class='ocrx_word' id='word_1_148' title='bbox 546 2113 626 2173; x_wconf 82' lang='lat' dir='ltr'><strong>vires</strong></span> <span class='ocrx_word' id='word_1_149' title='bbox 642 2112 734 2191; x_wconf 79' lang='lat' dir='ltr'><strong>magis</strong></span> <span class='ocrx_word' id='word_1_150' title='bbox 757 2111 985 2188; x_wconf 77' lang='lat' dir='ltr'><strong>extimescebat,</strong></span> <span class='ocrx_word' id='word_1_151' title='bbox 1006 2108 1060 2169; x_wconf 88' lang='lat' dir='ltr'><strong>sibi</strong></span> <span class='ocrx_word' id='word_1_152' title='bbox 1083 2108 1230 2169; x_wconf 84' lang='lat' dir='ltr'><strong>subiicere</strong></span> 
     </span>
     <span class='ocr_line' id='line_1_21' title="bbox 130 2195 1231 2273; baseline -0.004 -20"><span class='ocrx_word' id='word_1_153' title='bbox 130 2196 332 2273; x_wconf 83' lang='lat' dir='ltr'><strong>adnitentem,</strong></span> <span class='ocrx_word' id='word_1_154' title='bbox 352 2196 565 2257; x_wconf 84' lang='lat' dir='ltr'><strong>Demosthenes</strong></span> <span class='ocrx_word' id='word_1_155' title='bbox 580 2195 839 2258; x_wconf 68' lang='lat' dir='ltr'><strong>vehementissime</strong></span> <span class='ocrx_word' id='word_1_156' title='bbox 856 2196 1017 2256; x_wconf 86' lang='lat' dir='ltr'><strong>insectatus</strong></span> <span class='ocrx_word' id='word_1_157' title='bbox 1033 2202 1093 2270; x_wconf 90' lang='lat' dir='ltr'><strong>est,</strong></span> <span class='ocrx_word' id='word_1_158' title='bbox 1118 2200 1231 2273; x_wconf 86' lang='lat' dir='ltr'><strong>septem</strong></span> 
     </span>
     <span class='ocr_line' id='line_1_22' title="bbox 128 2281 1229 2361; baseline -0.003 -22"><span class='ocrx_word' id='word_1_159' title='bbox 128 2282 198 2340; x_wconf 83' lang='grc'><strong>11111</strong></span> <span class='ocrx_word' id='word_1_160' title='bbox 220 2281 425 2343; x_wconf 84' lang='lat' dir='ltr'><strong>celeberrimas</strong></span> <span class='ocrx_word' id='word_1_161' title='bbox 446 2281 596 2341; x_wconf 84' lang='lat' dir='ltr'><strong>orationes</strong></span> <span class='ocrx_word' id='word_1_162' title='bbox 619 2291 724 2342; x_wconf 87' lang='lat' dir='ltr'><strong>contra</strong></span> <span class='ocrx_word' id='word_1_163' title='bbox 754 2302 822 2341; x_wconf 88' lang='lat' dir='ltr'><strong>eum</strong></span> <span class='ocrx_word' id='word_1_164' title='bbox 842 2281 992 2359; x_wconf 85' lang='lat' dir='ltr'><strong>recitans,</strong></span> <span class='ocrx_word' id='word_1_165' title='bbox 1022 2298 1149 2361; x_wconf 85' lang='lat' dir='ltr'><strong>quarum</strong></span> <span class='ocrx_word' id='word_1_166' title='bbox 1167 2286 1229 2337; x_wconf 86' lang='lat' dir='ltr'><strong>tres</strong></span> 
     </span>
    </p>
   </div>
   <div class='ocr_carea' id='block_1_7' title="bbox 130 2365 925 2450">
    <p class='ocr_par' dir='ltr' id='par_1_10' title="bbox 130 2365 925 2450">
     <span class='ocr_line' id='line_1_23' title="bbox 130 2365 925 2450; baseline 0.004 -24"><span class='ocrx_word' id='word_1_167' title='bbox 130 2365 338 2447; x_wconf 78' lang='lat' dir='ltr'><strong>Olyntbiacas,</strong></span> <span class='ocrx_word' id='word_1_168' title='bbox 358 2376 489 2447; x_wconf 81' lang='lat' dir='ltr'><strong>quatuor</strong></span> <span class='ocrx_word' id='word_1_169' title='bbox 500 2366 686 2449; x_wconf 86' lang='lat' dir='ltr'><strong>Philippicae</strong></span> <span class='ocrx_word' id='word_1_170' title='bbox 696 2375 925 2450; x_wconf 70' lang='lat' dir='ltr'><strong>nuncupantur.</strong></span> 
     </span>
    </p>
   </div>
   <div class='ocr_carea' id='block_1_8' title="bbox 129 2469 1345 3490">
    <p class='ocr_par' dir='ltr' id='par_1_11' title="bbox 129 2469 1345 3490">
     <span class='ocr_line' id='line_1_24' title="bbox 213 2469 1231 2556; baseline -0.008 -16"><span class='ocrx_word' id='word_1_171' title='bbox 213 2477 286 2540; x_wconf 61' lang='lat'><strong>20&amp;</strong></span> <span class='ocrx_word' id='word_1_172' title='bbox 310 2472 421 2548; x_wconf 76' lang='grc' dir='ltr'><strong><em>Φανεὶς</em></strong></span> <span class='ocrx_word' id='word_1_173' title='bbox 437 2469 622 2556; x_wconf 74' lang='grc' dir='ltr'>ἆριστὸπαις]</span> <span class='ocrx_word' id='word_1_174' title='bbox 645 2476 742 2534; x_wconf 75' lang='lat' dir='ltr'><strong>doute</strong></span> <span class='ocrx_word' id='word_1_175' title='bbox 755 2473 939 2534; x_wconf 82' lang='lat' dir='ltr'><strong>Theodosius</strong></span> <span class='ocrx_word' id='word_1_176' title='bbox 951 2471 1049 2532; x_wconf 88' lang='lat' dir='ltr'><strong>utitur</strong></span> <span class='ocrx_word' id='word_1_177' title='bbox 1062 2469 1155 2531; x_wconf 84' lang='lat' dir='ltr'><strong>verbo</strong></span> <span class='ocrx_word' id='word_1_178' title='bbox 1172 2491 1231 2548; x_wconf 79' lang='grc' dir='ltr'><strong>φα-</strong></span> 
     </span>
     <span class='ocr_line' id='line_1_25' title="bbox 130 2555 1321 2641; baseline -0.006 -21"><span class='ocrx_word' id='word_1_179' title='bbox 130 2555 210 2635; x_wconf 75' lang='grc' dir='ltr'><em>νεὶς,</em></span> <span class='ocrx_word' id='word_1_180' title='bbox 232 2559 301 2638; x_wconf 87' lang='lat' dir='ltr'><strong>quia</strong></span> <span class='ocrx_word' id='word_1_181' title='bbox 322 2560 401 2618; x_wconf 85' lang='lat' dir='ltr'><strong>fama</strong></span> <span class='ocrx_word' id='word_1_182' title='bbox 418 2560 479 2620; x_wconf 84' lang='lat' dir='ltr'><strong>fuit</strong></span> <span class='ocrx_word' id='word_1_183' title='bbox 495 2559 702 2641; x_wconf 80' lang='lat' dir='ltr'><strong>Olympiadem</strong></span> <span class='ocrx_word' id='word_1_184' title='bbox 719 2581 782 2619; x_wconf 89' lang='lat' dir='ltr'><strong>non</strong></span> <span class='ocrx_word' id='word_1_185' title='bbox 797 2579 837 2620; x_wconf 86' lang='lat' dir='ltr'><strong>ex</strong></span> <span class='ocrx_word' id='word_1_186' title='bbox 848 2559 976 2633; x_wconf 89' lang='lat' dir='ltr'><strong>marito,</strong></span> <span class='ocrx_word' id='word_1_187' title='bbox 997 2556 1049 2616; x_wconf 89' lang='lat' dir='ltr'><strong>sed</strong></span> <span class='ocrx_word' id='word_1_188' title='bbox 1067 2575 1105 2616; x_wconf 78' lang='lat' dir='ltr'><strong>ex</strong></span> <span class='ocrx_word' id='word_1_189' title='bbox 1120 2555 1232 2616; x_wconf 85' lang='lat' dir='ltr'><strong>Necta—</strong></span> <span class='ocrx_word' id='word_1_190' title='bbox 1319 2585 1321 2594; x_wconf 83' lang='lat'><em>=</em></span> 
     </span>
     <span class='ocr_line' id='line_1_26' title="bbox 129 2639 1232 2724; baseline -0.007 -19"><span class='ocrx_word' id='word_1_191' title='bbox 129 2643 218 2722; x_wconf 80' lang='lat' dir='ltr'><strong>nebo,</strong></span> <span class='ocrx_word' id='word_1_192' title='bbox 238 2652 329 2724; x_wconf 87' lang='lat' dir='ltr'><strong>atque</strong></span> <span class='ocrx_word' id='word_1_193' title='bbox 341 2644 415 2703; x_wconf 91' lang='lat' dir='ltr'><strong>adeo</strong></span> <span class='ocrx_word' id='word_1_194' title='bbox 431 2665 470 2704; x_wconf 81' lang='lat' dir='ltr'><strong>ex</strong></span> <span class='ocrx_word' id='word_1_195' title='bbox 487 2645 560 2706; x_wconf 83' lang='lat' dir='ltr'><strong>Jove</strong></span> <span class='ocrx_word' id='word_1_196' title='bbox 574 2644 631 2704; x_wconf 91' lang='lat' dir='ltr'><strong>sub</strong></span> <span class='ocrx_word' id='word_1_197' title='bbox 645 2645 784 2706; x_wconf 86' lang='lat' dir='ltr'><strong>draconis</strong></span> <span class='ocrx_word' id='word_1_198' title='bbox 796 2645 892 2724; x_wconf 83' lang='lat' dir='ltr'><strong>figura</strong></span> <span class='ocrx_word' id='word_1_199' title='bbox 906 2641 1109 2703; x_wconf 80' lang='lat' dir='ltr'><strong>Alexandrum</strong></span> <span class='ocrx_word' id='word_1_200' title='bbox 1125 2639 1165 2703; x_wconf 81' lang='lat' dir='ltr'><strong>bl.</strong></span> <span class='ocrx_word' id='word_1_201' title='bbox 1179 2659 1232 2716; x_wconf 82' lang='lat' dir='ltr'><strong>ge-</strong></span> 
     </span>
     <span class='ocr_line' id='line_1_27' title="bbox 129 2718 1345 2809; baseline -0.003 -22"><span class='ocrx_word' id='word_1_202' title='bbox 129 2727 241 2792; x_wconf 84' lang='lat' dir='ltr'><strong>nuisse.</strong></span> <span class='ocrx_word' id='word_1_203' title='bbox 284 2730 426 2809; x_wconf 81' lang='lat' dir='ltr'><strong>Namque</strong></span> <span class='ocrx_word' id='word_1_204' title='bbox 443 2742 541 2789; x_wconf 79' lang='lat' dir='ltr'><strong>mater</strong></span> <span class='ocrx_word' id='word_1_205' title='bbox 563 2734 630 2789; x_wconf 86' lang='lat' dir='ltr'><strong>eius</strong></span> <span class='ocrx_word' id='word_1_206' title='bbox 649 2731 823 2809; x_wconf 75' lang='lat' dir='ltr'><strong>Olympiae,</strong></span> <span class='ocrx_word' id='word_1_207' title='bbox 843 2728 942 2808; x_wconf 89' lang='lat' dir='ltr'><strong>inquit</strong></span> <span class='ocrx_word' id='word_1_208' title='bbox 960 2725 1091 2786; x_wconf 85' lang='lat' dir='ltr'><strong>lustinus</strong></span> <span class='ocrx_word' id='word_1_209' title='bbox 1102 2725 1154 2787; x_wconf 91' lang='lat' dir='ltr'><strong>lib.</strong></span> <span class='ocrx_word' id='word_1_210' title='bbox 1173 2725 1225 2790; x_wconf 88' lang='lat' dir='ltr'><strong>Xl.</strong></span> <span class='ocrx_word' id='word_1_211' title='bbox 1242 2719 1275 2773; x_wconf 85' lang='lat' dir='ltr'><strong>P·</strong></span> <span class='ocrx_word' id='word_1_212' title='bbox 1292 2718 1345 2773; x_wconf 77' lang='grc'><strong>338</strong></span> 
     </span>
     <span class='ocr_line' id='line_1_28' title="bbox 132 2787 1332 2896; baseline -0.005 -24"><span class='ocrx_word' id='word_1_213' title='bbox 132 2833 198 2894; x_wconf 87' lang='lat' dir='ltr'><strong>cap.</strong></span> <span class='ocrx_word' id='word_1_214' title='bbox 217 2820 274 2892; x_wconf 85' lang='lat'><strong>11,</strong></span> <span class='ocrx_word' id='word_1_215' title='bbox 294 2816 432 2892; x_wconf 65' lang='lat' dir='ltr'><strong>cory‘essa</strong></span> <span class='ocrx_word' id='word_1_216' title='bbox 456 2819 522 2876; x_wconf 79' lang='lat' dir='ltr'><strong>rire</strong></span> <span class='ocrx_word' id='word_1_217' title='bbox 543 2837 599 2874; x_wconf 83' lang='lat' dir='ltr'><strong>suo</strong></span> <span class='ocrx_word' id='word_1_218' title='bbox 615 2815 761 2896; x_wconf 85' lang='lat' dir='ltr'><strong>Philippo</strong></span> <span class='ocrx_word' id='word_1_219' title='bbox 777 2817 905 2894; x_wconf 84' lang='lat' dir='ltr'><strong>fuerat,</strong></span> <span class='ocrx_word' id='word_1_220' title='bbox 935 2809 1149 2872; x_wconf 80' lang='lat' dir='ltr'><strong>Alexandrum</strong></span> <span class='ocrx_word' id='word_1_221' title='bbox 1169 2830 1228 2868; x_wconf 84' lang='lat' dir='ltr'><strong>non</strong></span> <span class='ocrx_word' id='word_1_222' title='bbox 1244 2787 1332 2844; x_wconf 47' lang='lat'><strong>⁰⁰¹4</strong></span> 
     </span>
     <span class='ocr_line' id='line_1_29' title="bbox 131 2893 1232 2982; baseline -0.004 -26"><span class='ocrx_word' id='word_1_223' title='bbox 131 2919 166 2958; x_wconf 84' lang='lat' dir='ltr'><strong>ex</strong></span> <span class='ocrx_word' id='word_1_224' title='bbox 189 2919 221 2956; x_wconf 87' lang='lat' dir='ltr'><strong>eo</strong></span> <span class='ocrx_word' id='word_1_225' title='bbox 243 2921 274 2956; x_wconf 84' lang='lat' dir='ltr'><strong>ee</strong></span> <span class='ocrx_word' id='word_1_226' title='bbox 295 2893 538 2980; x_wconf 65' lang='lat' dir='ltr'><strong>sedea&#39;serpmte</strong></span> <span class='ocrx_word' id='word_1_227' title='bbox 557 2904 689 2981; x_wconf 75' lang='lat' dir='ltr'><strong>ingentis</strong></span> <span class='ocrx_word' id='word_1_228' title='bbox 706 2897 931 2982; x_wconf 76' lang='lat' dir='ltr'><strong>magnitudinis</strong></span> <span class='ocrx_word' id='word_1_229' title='bbox 946 2899 1121 2976; x_wconf 81' lang='lat' dir='ltr'><strong>concepisse.</strong></span> <span class='ocrx_word' id='word_1_230' title='bbox 1164 2897 1232 2955; x_wconf 87' lang='lat' dir='ltr'><strong>De-</strong></span> 
     </span>
     <span class='ocr_line' id='line_1_30' title="bbox 131 2983 1236 3066; baseline -0.004 -24"><span class='ocrx_word' id='word_1_231' title='bbox 131 2986 225 3062; x_wconf 81' lang='lat' dir='ltr'><strong>nique</strong></span> <span class='ocrx_word' id='word_1_232' title='bbox 243 2984 424 3062; x_wconf 72' lang='lat' dir='ltr'><strong>Philippum</strong></span> <span class='ocrx_word' id='word_1_233' title='bbox 444 2986 552 3044; x_wconf 80' lang='lat' dir='ltr'><strong>raltimo</strong></span> <span class='ocrx_word' id='word_1_234' title='bbox 561 3007 658 3066; x_wconf 82' lang='lat' dir='ltr'><strong>prope</strong></span> <span class='ocrx_word' id='word_1_235' title='bbox 673 2989 756 3047; x_wconf 78' lang='lat' dir='ltr'><strong>vitae</strong></span> <span class='ocrx_word' id='word_1_236' title='bbox 777 3007 853 3043; x_wconf 85' lang='lat' dir='ltr'><strong>auae</strong></span> <span class='ocrx_word' id='word_1_237' title='bbox 875 2995 1004 3064; x_wconf 81' lang='lat' dir='ltr'><strong>tempore</strong></span> <span class='ocrx_word' id='word_1_238' title='bbox 1016 2983 1126 3061; x_wconf 84' lang='lat' dir='ltr'><strong>filium</strong></span> <span class='ocrx_word' id='word_1_239' title='bbox 1143 3001 1236 3039; x_wconf 85' lang='lat' dir='ltr'><strong>suum</strong></span> 
     </span>
     <span class='ocr_line' id='line_1_31' title="bbox 131 3063 1233 3152; baseline -0.005 -24"><span class='ocrx_word' id='word_1_240' title='bbox 131 3089 193 3128; x_wconf 85' lang='lat' dir='ltr'><strong>non</strong></span> <span class='ocrx_word' id='word_1_241' title='bbox 211 3091 273 3127; x_wconf 86' lang='lat' dir='ltr'><strong>esse</strong></span> <span class='ocrx_word' id='word_1_242' title='bbox 287 3069 399 3152; x_wconf 83' lang='lat' dir='ltr'><strong>palam</strong></span> <span class='ocrx_word' id='word_1_243' title='bbox 408 3069 652 3150; x_wconf 80' lang='lat' dir='ltr'><strong>praedicaverat.</strong></span> <span class='ocrx_word' id='word_1_244' title='bbox 696 3073 767 3149; x_wconf 81' lang='lat' dir='ltr'><strong>Qua</strong></span> <span class='ocrx_word' id='word_1_245' title='bbox 780 3092 815 3130; x_wconf 81' lang='lat' dir='ltr'><strong>ea</strong></span> <span class='ocrx_word' id='word_1_246' title='bbox 827 3091 923 3130; x_wconf 77' lang='lat' dir='ltr'><strong>cauca</strong></span> <span class='ocrx_word' id='word_1_247' title='bbox 939 3063 1158 3147; x_wconf 73' lang='lat' dir='ltr'><strong>Olympiadem,</strong></span> <span class='ocrx_word' id='word_1_248' title='bbox 1181 3087 1233 3124; x_wconf 76' lang='lat' dir='ltr'><strong>re-</strong></span> 
     </span>
     <span class='ocr_line' id='line_1_32' title="bbox 133 3149 1233 3234; baseline -0.001 -23"><span class='ocrx_word' id='word_1_249' title='bbox 133 3154 182 3211; x_wconf 84' lang='lat' dir='ltr'><strong>iut</strong></span> <span class='ocrx_word' id='word_1_250' title='bbox 205 3156 306 3234; x_wconf 87' lang='lat' dir='ltr'><strong>stupri</strong></span> <span class='ocrx_word' id='word_1_251' title='bbox 329 3158 527 3234; x_wconf 81' lang='lat' dir='ltr'><strong>compertam,</strong></span> <span class='ocrx_word' id='word_1_252' title='bbox 548 3155 675 3234; x_wconf 82' lang='lat' dir='ltr'><strong>repudio</strong></span> <span class='ocrx_word' id='word_1_253' title='bbox 692 3155 861 3216; x_wconf 74' lang='lat' dir='ltr'><strong>dimiserat.</strong></span> <span class='ocrx_word' id='word_1_254' title='bbox 905 3153 970 3228; x_wconf 88' lang='lat' dir='ltr'><strong>Qua</strong></span> <span class='ocrx_word' id='word_1_255' title='bbox 984 3154 1021 3212; x_wconf 91' lang='lat' dir='ltr'><strong>de</strong></span> <span class='ocrx_word' id='word_1_256' title='bbox 1033 3171 1066 3210; x_wconf 85' lang='lat' dir='ltr'><strong>re</strong></span> <span class='ocrx_word' id='word_1_257' title='bbox 1084 3150 1159 3210; x_wconf 88' lang='lat' dir='ltr'><strong>bene</strong></span> <span class='ocrx_word' id='word_1_258' title='bbox 1178 3149 1233 3210; x_wconf 84' lang='lat' dir='ltr'><strong>ad·</strong></span> 
     </span>
     <span class='ocr_line' id='line_1_33' title="bbox 131 3236 1234 3321; baseline -0.003 -22"><span class='ocrx_word' id='word_1_259' title='bbox 131 3248 219 3299; x_wconf 87' lang='lat' dir='ltr'><strong>notet</strong></span> <span class='ocrx_word' id='word_1_260' title='bbox 239 3237 459 3301; x_wconf 71' lang='lat' dir='ltr'><strong>Freinshemius</strong></span> <span class='ocrx_word' id='word_1_261' title='bbox 470 3240 505 3300; x_wconf 92' lang='lat' dir='ltr'><strong>in</strong></span> <span class='ocrx_word' id='word_1_262' title='bbox 518 3241 739 3321; x_wconf 86' lang='lat' dir='ltr'><strong>Supplementis</strong></span> <span class='ocrx_word' id='word_1_263' title='bbox 753 3239 791 3300; x_wconf 90' lang='lat' dir='ltr'><strong>ed</strong></span> <span class='ocrx_word' id='word_1_264' title='bbox 807 3240 843 3314; x_wconf 82' lang='lat' dir='ltr'><strong>Q.</strong></span> <span class='ocrx_word' id='word_1_265' title='bbox 859 3238 996 3299; x_wconf 83' lang='lat' dir='ltr'><strong>Curtium</strong></span> <span class='ocrx_word' id='word_1_266' title='bbox 1017 3237 1068 3296; x_wconf 86' lang='lat' dir='ltr'><strong>lib.</strong></span> <span class='ocrx_word' id='word_1_267' title='bbox 1082 3236 1105 3297; x_wconf 91' lang='lat'><strong>1.</strong></span> <span class='ocrx_word' id='word_1_268' title='bbox 1122 3257 1187 3315; x_wconf 87' lang='lat' dir='ltr'><strong>cap.</strong></span> <span class='ocrx_word' id='word_1_269' title='bbox 1204 3239 1234 3301; x_wconf 90' lang='lat'><strong>1.</strong></span> 
     </span>
     <span class='ocr_line' id='line_1_34' title="bbox 132 3321 1235 3406; baseline -0.005 -23"><span class='ocrx_word' id='word_1_270' title='bbox 132 3343 216 3384; x_wconf 90' lang='lat' dir='ltr'><strong>num.</strong></span> <span class='ocrx_word' id='word_1_271' title='bbox 240 3325 297 3391; x_wconf 80' lang='lat'><strong>15:</strong></span> <span class='ocrx_word' id='word_1_272' title='bbox 321 3325 384 3385; x_wconf 87' lang='lat' dir='ltr'><strong>Nec</strong></span> <span class='ocrx_word' id='word_1_273' title='bbox 409 3324 534 3402; x_wconf 83' lang='lat' dir='ltr'><strong>desunt,</strong></span> <span class='ocrx_word' id='word_1_274' title='bbox 561 3322 817 3406; x_wconf 80' lang='lat' dir='ltr'><strong>quifabuloaum</strong></span> <span class='ocrx_word' id='word_1_275' title='bbox 837 3323 874 3384; x_wconf 87' lang='lat' dir='ltr'><strong>id</strong></span> <span class='ocrx_word' id='word_1_276' title='bbox 894 3321 1034 3406; x_wconf 87' lang='lat' dir='ltr'><strong>quidem,</strong></span> <span class='ocrx_word' id='word_1_277' title='bbox 1054 3342 1116 3382; x_wconf 82' lang='lat' dir='ltr'><strong>non</strong></span> <span class='ocrx_word' id='word_1_278' title='bbox 1133 3329 1235 3380; x_wconf 84' lang='lat' dir='ltr'><strong>tamen</strong></span> 
     </span>
     <span class='ocr_line' id='line_1_35' title="bbox 132 3407 902 3490; baseline 0.003 -23"><span class='ocrx_word' id='word_1_279' title='bbox 132 3407 322 3468; x_wconf 74' lang='lat' dir='ltr'><strong>adulterium</strong></span> <span class='ocrx_word' id='word_1_280' title='bbox 349 3413 460 3469; x_wconf 84' lang='lat' dir='ltr'><strong>matria</strong></span> <span class='ocrx_word' id='word_1_281' title='bbox 476 3411 563 3490; x_wconf 83' lang='lat' dir='ltr'><strong>salao</strong></span> <span class='ocrx_word' id='word_1_282' title='bbox 579 3413 732 3490; x_wconf 85' lang='lat' dir='ltr'><strong>iactatum</strong></span> <span class='ocrx_word' id='word_1_283' title='bbox 747 3409 902 3470; x_wconf 81' lang='lat' dir='ltr'><strong>adserunt.</strong></span> 
     </span>
    </p>
   </div>
   <div class='ocr_carea' id='block_1_9' title="bbox 133 3509 1236 3938">
    <p class='ocr_par' dir='ltr' id='par_1_12' title="bbox 133 3509 1236 3938">
     <span class='ocr_line' id='line_1_36' title="bbox 218 3509 1235 3598; baseline -0.014 -16"><span class='ocrx_word' id='word_1_284' title='bbox 218 3520 291 3582; x_wconf 75' lang='lat'><strong>209·</strong></span> <span class='ocrx_word' id='word_1_285' title='bbox 314 3509 461 3597; x_wconf 68' lang='grc' dir='ltr'>Κάρβων]</span> <span class='ocrx_word' id='word_1_286' title='bbox 483 3517 536 3577; x_wconf 88' lang='lat' dir='ltr'><strong>Co.</strong></span> <span class='ocrx_word' id='word_1_287' title='bbox 558 3518 671 3594; x_wconf 83' lang='lat' dir='ltr'><strong>Carbo,</strong></span> <span class='ocrx_word' id='word_1_288' title='bbox 694 3517 781 3578; x_wconf 85' lang='lat' dir='ltr'><strong>ouius</strong></span> <span class='ocrx_word' id='word_1_289' title='bbox 797 3516 925 3598; x_wconf 82' lang='lat' dir='ltr'><strong>plurima</strong></span> <span class='ocrx_word' id='word_1_290' title='bbox 946 3513 1005 3574; x_wconf 84' lang='lat' dir='ltr'><strong>fuit</strong></span> <span class='ocrx_word' id='word_1_291' title='bbox 1016 3511 1050 3573; x_wconf 89' lang='lat' dir='ltr'><strong>in</strong></span> <span class='ocrx_word' id='word_1_292' title='bbox 1067 3509 1235 3591; x_wconf 83' lang='lat' dir='ltr'><strong>Republica</strong></span> 
     </span>
     <span class='ocr_line' id='line_1_37' title="bbox 134 3596 1236 3683; baseline -0.005 -25"><span class='ocrx_word' id='word_1_293' title='bbox 134 3599 300 3659; x_wconf 84' lang='lat' dir='ltr'><strong>auctoritas</strong></span> <span class='ocrx_word' id='word_1_294' title='bbox 308 3647 318 3676; x_wconf 91' lang='lat'><strong>,</strong></span> <span class='ocrx_word' id='word_1_295' title='bbox 338 3609 440 3680; x_wconf 77' lang='lat' dir='ltr'><strong>pm‘tes</strong></span> <span class='ocrx_word' id='word_1_296' title='bbox 453 3602 600 3663; x_wconf 82' lang='lat' dir='ltr'><strong>Marianae</strong></span> <span class='ocrx_word' id='word_1_297' title='bbox 620 3614 774 3683; x_wconf 85' lang='lat' dir='ltr'><strong>sequutus.</strong></span> <span class='ocrx_word' id='word_1_298' title='bbox 813 3602 841 3662; x_wconf 84' lang='lat' dir='ltr'><strong>Is</strong></span> <span class='ocrx_word' id='word_1_299' title='bbox 853 3601 886 3660; x_wconf 88' lang='lat' dir='ltr'><strong>in</strong></span> <span class='ocrx_word' id='word_1_300' title='bbox 897 3599 987 3660; x_wconf 84' lang='lat' dir='ltr'><strong>tertio</strong></span> <span class='ocrx_word' id='word_1_301' title='bbox 999 3617 1055 3658; x_wconf 87' lang='lat' dir='ltr'><strong>suo</strong></span> <span class='ocrx_word' id='word_1_302' title='bbox 1071 3596 1236 3656; x_wconf 75' lang='lat' dir='ltr'><strong>Consulatu</strong></span> 
     </span>
     <span class='ocr_line' id='line_1_38' title="bbox 133 3679 1235 3769; baseline -0.006 -24"><span class='ocrx_word' id='word_1_303' title='bbox 133 3685 218 3745; x_wconf 87' lang='lat' dir='ltr'><strong>iussu</strong></span> <span class='ocrx_word' id='word_1_304' title='bbox 233 3685 364 3764; x_wconf 88' lang='lat' dir='ltr'><strong>Pompeii</strong></span> <span class='ocrx_word' id='word_1_305' title='bbox 384 3685 419 3744; x_wconf 86' lang='lat' dir='ltr'><strong>in</strong></span> <span class='ocrx_word' id='word_1_306' title='bbox 440 3687 543 3747; x_wconf 84' lang='lat' dir='ltr'><strong>Sicilia</strong></span> <span class='ocrx_word' id='word_1_307' title='bbox 557 3689 596 3748; x_wconf 89' lang='lat' dir='ltr'><strong>ad</strong></span> <span class='ocrx_word' id='word_1_308' title='bbox 615 3689 796 3769; x_wconf 88' lang='lat' dir='ltr'><strong>supplicium</strong></span> <span class='ocrx_word' id='word_1_309' title='bbox 817 3687 928 3746; x_wconf 84' lang='lat' dir='ltr'><strong>ductus</strong></span> <span class='ocrx_word' id='word_1_310' title='bbox 940 3692 1001 3761; x_wconf 86' lang='lat' dir='ltr'><strong>est,</strong></span> <span class='ocrx_word' id='word_1_311' title='bbox 1022 3681 1141 3760; x_wconf 88' lang='lat' dir='ltr'><strong>ibique,</strong></span> <span class='ocrx_word' id='word_1_312' title='bbox 1163 3679 1235 3740; x_wconf 88' lang='lat' dir='ltr'><strong>dum</strong></span> 
     </span>
     <span class='ocr_line' id='line_1_39' title="bbox 135 3765 1235 3852; baseline -0.002 -26"><span class='ocrx_word' id='word_1_313' title='bbox 135 3769 237 3827; x_wconf 85' lang='lat' dir='ltr'><strong>alvum</strong></span> <span class='ocrx_word' id='word_1_314' title='bbox 257 3769 313 3828; x_wconf 87' lang='lat' dir='ltr'><strong>sibi</strong></span> <span class='ocrx_word' id='word_1_315' title='bbox 332 3769 464 3848; x_wconf 86' lang='lat' dir='ltr'><strong>levaret,</strong></span> <span class='ocrx_word' id='word_1_316' title='bbox 486 3783 578 3852; x_wconf 88' lang='lat' dir='ltr'><strong>caput</strong></span> <span class='ocrx_word' id='word_1_317' title='bbox 599 3773 626 3832; x_wconf 90' lang='lat' dir='ltr'><strong>ei</strong></span> <span class='ocrx_word' id='word_1_318' title='bbox 646 3773 816 3832; x_wconf 87' lang='lat' dir='ltr'><strong>abscissum.</strong></span> <span class='ocrx_word' id='word_1_319' title='bbox 860 3767 989 3829; x_wconf 79' lang='grc'><strong>01111111</strong></span> <span class='ocrx_word' id='word_1_320' title='bbox 1003 3766 1154 3832; x_wconf 86' lang='lat' dir='ltr'><strong>Valerium</strong></span> <span class='ocrx_word' id='word_1_321' title='bbox 1167 3765 1235 3826; x_wconf 84' lang='lat' dir='ltr'><strong>Ma-</strong></span> 
     </span>
     <span class='ocr_line' id='line_1_40' title="bbox 134 3853 1166 3938; baseline 0.002 -25"><span class='ocrx_word' id='word_1_322' title='bbox 134 3853 252 3913; x_wconf 84' lang='lat' dir='ltr'><strong>ximum</strong></span> <span class='ocrx_word' id='word_1_323' title='bbox 270 3854 323 3915; x_wconf 91' lang='lat' dir='ltr'><strong>lib.</strong></span> <span class='ocrx_word' id='word_1_324' title='bbox 344 3855 396 3916; x_wconf 77' lang='lat' dir='ltr'><strong>lX.</strong></span> <span class='ocrx_word' id='word_1_325' title='bbox 410 3876 474 3937; x_wconf 84' lang='lat' dir='ltr'><strong>cap.</strong></span> <span class='ocrx_word' id='word_1_326' title='bbox 491 3853 576 3938; x_wconf 74' lang='lat'><strong>13·§</strong></span> <span class='ocrx_word' id='word_1_327' title='bbox 592 3865 624 3925; x_wconf 74' lang='lat'><strong>2.</strong></span> <span class='ocrx_word' id='word_1_328' title='bbox 1162 3866 1166 3872; x_wconf 88' lang='grc'><strong>“</strong></span> 
     </span>
    </p>
   </div>
   <div class='ocr_carea' id='block_1_10' title="bbox 135 3975 1242 4332">
    <p class='ocr_par' dir='ltr' id='par_1_13' title="bbox 135 3975 1242 4332">
     <span class='ocr_line' id='line_1_41' title="bbox 219 3975 1236 4064; baseline -0.009 -21"><span class='ocrx_word' id='word_1_329' title='bbox 219 3977 298 4044; x_wconf 82' lang='lat' dir='ltr'><strong>Ibid.</strong></span> <span class='ocrx_word' id='word_1_330' title='bbox 318 3977 352 4044; x_wconf 86' lang='lat'><strong>‘0</strong></span> <span class='ocrx_word' id='word_1_331' title='bbox 364 3985 421 4044; x_wconf 80' lang='lat' dir='ltr'><strong>roei</strong></span> <span class='ocrx_word' id='word_1_332' title='bbox 432 3983 588 4064; x_wconf 71' lang='lat' dir='ltr'><strong>Heptalou]</strong></span> <span class='ocrx_word' id='word_1_333' title='bbox 611 3984 661 4045; x_wconf 90' lang='lat' dir='ltr'><strong>Sic</strong></span> <span class='ocrx_word' id='word_1_334' title='bbox 677 3983 794 4060; x_wconf 81' lang='lat' dir='ltr'><strong>Codex,</strong></span> <span class='ocrx_word' id='word_1_335' title='bbox 816 4002 904 4064; x_wconf 86' lang='lat' dir='ltr'><strong>quem</strong></span> <span class='ocrx_word' id='word_1_336' title='bbox 920 3978 1030 4044; x_wconf 74' lang='lat' dir='ltr'><strong>erroris</strong></span> <span class='ocrx_word' id='word_1_337' title='bbox 1045 3977 1144 4058; x_wconf 82' lang='lat' dir='ltr'><strong>arguit</strong></span> <span class='ocrx_word' id='word_1_338' title='bbox 1158 3975 1236 4035; x_wconf 88' lang='lat' dir='ltr'><strong>Cor-</strong></span> 
     </span>
     <span class='ocr_line' id='line_1_42' title="bbox 135 4062 1238 4150; baseline -0.003 -26"><span class='ocrx_word' id='word_1_339' title='bbox 135 4062 252 4141; x_wconf 88' lang='lat' dir='ltr'><strong>nelius,</strong></span> <span class='ocrx_word' id='word_1_340' title='bbox 273 4073 303 4125; x_wconf 91' lang='lat' dir='ltr'><strong>et</strong></span> <span class='ocrx_word' id='word_1_341' title='bbox 321 4066 437 4126; x_wconf 86' lang='lat' dir='ltr'><strong>suflicit</strong></span> <span class='ocrx_word' id='word_1_342' title='bbox 454 4089 563 4128; x_wconf 90' lang='lat' dir='ltr'><strong>nomeu</strong></span> <span class='ocrx_word' id='word_1_343' title='bbox 584 4071 753 4150; x_wconf 72' lang='grc' dir='ltr'><strong><em>Καίσαρος,</em></strong></span> <span class='ocrx_word' id='word_1_344' title='bbox 775 4067 845 4150; x_wconf 86' lang='lat' dir='ltr'><strong>quia</strong></span> <span class='ocrx_word' id='word_1_345' title='bbox 856 4069 967 4129; x_wconf 86' lang='lat' dir='ltr'><strong>Brutus</strong></span> <span class='ocrx_word' id='word_1_346' title='bbox 981 4067 1151 4138; x_wconf 86' lang='lat' dir='ltr'><strong>Caesarem,</strong></span> <span class='ocrx_word' id='word_1_347' title='bbox 1173 4079 1238 4120; x_wconf 85' lang='lat' dir='ltr'><strong>non</strong></span> 
     </span>
     <span class='ocr_line' id='line_1_43' title="bbox 135 4145 1240 4234; baseline -0.005 -25"><span class='ocrx_word' id='word_1_348' title='bbox 135 4150 312 4231; x_wconf 81' lang='lat' dir='ltr'><strong>Pompeium</strong></span> <span class='ocrx_word' id='word_1_349' title='bbox 323 4153 484 4234; x_wconf 76' lang='lat' dir='ltr'><strong>percussit.</strong></span> <span class='ocrx_word' id='word_1_350' title='bbox 527 4153 602 4214; x_wconf 85' lang='lat' dir='ltr'><strong>blibi</strong></span> <span class='ocrx_word' id='word_1_351' title='bbox 615 4166 715 4216; x_wconf 87' lang='lat' dir='ltr'><strong>tamen</strong></span> <span class='ocrx_word' id='word_1_352' title='bbox 725 4155 782 4215; x_wconf 77' lang='lat' dir='ltr'><strong>six</strong></span> <span class='ocrx_word' id='word_1_353' title='bbox 796 4153 971 4234; x_wconf 84' lang='lat' dir='ltr'><strong>persuadeo,</strong></span> <span class='ocrx_word' id='word_1_354' title='bbox 989 4147 1169 4232; x_wconf 83' lang='lat' dir='ltr'><strong>scriptorem</strong></span> <span class='ocrx_word' id='word_1_355' title='bbox 1184 4145 1240 4203; x_wconf 86' lang='lat' dir='ltr'><strong>Co-</strong></span> 
     </span>
     <span class='ocr_line' id='line_1_44' title="bbox 137 4233 1242 4332; baseline -0.002 -40"><span class='ocrx_word' id='word_1_356' title='bbox 137 4233 213 4294; x_wconf 82' lang='lat' dir='ltr'><strong>dicis</strong></span> <span class='ocrx_word' id='word_1_357' title='bbox 233 4234 307 4332; x_wconf 75' lang='lat' dir='ltr'><strong>edeo</strong></span> <span class='ocrx_word' id='word_1_358' title='bbox 331 4237 462 4318; x_wconf 85' lang='lat' dir='ltr'><strong>tmpiter</strong></span> <span class='ocrx_word' id='word_1_359' title='bbox 482 4258 613 4318; x_wconf 80' lang='grc'><strong>1111111,</strong></span> <span class='ocrx_word' id='word_1_360' title='bbox 633 4250 670 4302; x_wconf 87' lang='lat' dir='ltr'><strong>ut</strong></span> <span class='ocrx_word' id='word_1_361' title='bbox 683 4242 745 4302; x_wconf 83' lang='lat' dir='ltr'><strong>dac</strong></span> <span class='ocrx_word' id='word_1_362' title='bbox 757 4240 879 4302; x_wconf 85' lang='lat' dir='ltr'><strong>nomina</strong></span> <span class='ocrx_word' id='word_1_363' title='bbox 892 4239 966 4300; x_wconf 85' lang='lat' dir='ltr'><strong>adeo</strong></span> <span class='ocrx_word' id='word_1_364' title='bbox 982 4239 1064 4302; x_wconf 85' lang='lat' dir='ltr'><strong>inter</strong></span> <span class='ocrx_word' id='word_1_365' title='bbox 1075 4253 1108 4304; x_wconf 83' lang='lat' dir='ltr'><strong>se</strong></span> <span class='ocrx_word' id='word_1_366' title='bbox 1122 4233 1242 4294; x_wconf 80' lang='lat' dir='ltr'><strong>diversa</strong></span> 
     </span>
    </p>
   </div>
   <div class='ocr_carea' id='block_1_11' title="bbox 0 0 1493 4850">
    <p class='ocr_par' dir='ltr' id='par_1_14' title="bbox 0 0 1493 4850">
     <span class='ocr_line' id='line_1_45' title="bbox 0 0 1493 4850; baseline 0 0"><span class='ocrx_word' id='word_1_367' title='bbox 0 0 1493 4850; x_wconf 95' lang='lat' dir='ltr'><strong> </strong></span> 
     </span>
    </p>
   </div>
  </div>
 </body>
</html>
