2959 4850
1060 125 1138 166 x.—

308 363 317 377 ‘
494 276 502 306 ¹
540 263 809 340 ⁴PRAEFATIO.
1141 274 1224 324 nu

137 453 207 496 rum
220 431 366 496 rationem
378 429 487 492 babere
494 421 681 510 potuissem,
702 428 828 490 tortasse
839 423 930 488 etiam
946 423 1120 487 debuissem.
1160 422 1223 485 Ve-

138 557 203 600 rum
217 555 271 615 ego
285 535 329 595 sic
344 533 448 594 iudico
465 507 573 617 (dicam
591 533 670 592 euim
687 551 752 590 uon
767 549 906 592 maerens
917 528 951 588 iu
968 548 1002 590 re
1017 529 1142 588 obscura
1154 528 1223 607 glo-

135 637 234 698 riandi
253 633 477 718 suspicionem):
499 625 581 716 quod
600 633 633 694 in
656 652 774 713 quoque
787 631 950 714 plurimum
969 640 1030 707 est,
1050 630 1109 691 boc
1124 629 1223 710 ipsum
1255 680 1259 688 .

133 738 364 820 ispotissimum
386 739 520 798 censure
540 737 627 796 debet
647 735 685 796 ad
705 734 918 816 locupletanda
938 731 1106 794 communia
1124 732 1224 792 studia

132 851 248 902 nostra.
289 841 352 900 Iam
368 860 440 901 voro
457 847 526 921 post
543 837 739 920 complurium
755 856 902 901 annorum
917 835 1069 896 assiduum
1082 836 1223 910 laborem,

133 963 192 1023 quo
208 943 382 1022 catalogum
399 942 493 1004 Codd.
511 941 692 1002 Graecorum
714 941 749 1000 iu
760 937 973 1000 Bibliothecam
992 938 1151 999 mammam
1164 937 1224 996 Pa·
1293 952 1297 965 '

132 1044 288 1106 risieusem
300 1063 405 1106 recens
419 1045 572 1104 illatorum
585 1044 624 1107 ad
646 1043 735 1104 finem
750 1041 965 1124 perduxeram,
985 1050 1054 1122 post
1068 1039 1224 1122 puerilium

134 1155 164 1206 et
178 1147 311 1228 primam
332 1148 561 1208 adolescentiam
580 1147 614 1206 iu
626 1145 685 1207 hoc
703 1144 869 1223 studiorum
883 1163 990 1222 genere
1007 1142 1153 1224 positam,
1171 1161 1225 1202 ue-

134 1249 245 1310 miuem
260 1270 324 1310 esse
340 1250 516 1332 scriptorem
530 1250 621 1331 paulo
637 1247 833 1308 illustriorem
848 1246 993 1322 arbitror,
1013 1265 1108 1324 neque
1119 1245 1224 1324 profa-

134 1371 204 1411 num
218 1371 319 1431 neque
333 1371 468 1428 sucrum,
492 1351 544 1430 qui
555 1373 573 1410 a
585 1351 769 1432 temporibus
783 1347 996 1410 Theodosiauis
1009 1367 1103 1427 usque
1113 1347 1152 1406 ud
1163 1345 1224 1406 rui-

134 1461 202 1514 nam
215 1453 337 1536 imperii
352 1453 513 1514 orientalia
525 1435 637 1512 Graece
650 1451 813 1534 scripserit,
830 1471 917 1532 quem
930 1471 992 1510 non
1005 1449 1048 1510 ita
1060 1447 1224 1524 tractarIm,

131 1564 244 1616 utnon
259 1557 360 1636 eliqua
372 1555 435 1616 eius
445 1576 515 1636 pars
529 1555 561 1615 iu
575 1554 716 1616 memorie
729 1575 794 1616 mes
806 1555 925 1635 penitus
936 1552 1087 1615 insideret.
1131 1550 1223 1610 Seho·

131 1655 190 1732 lia,
215 1668 352 1736 catenas,
371 1656 584 1739 paraphrases,
606 1658 831 1735 commentaria,
852 1647 1072 1739 parsim³minus
1083 1651 1143 1732 legi
1153 1651 1225 1713 soli·

131 1768 178 1837 ta,
198 1761 315 1841 partim
328 1761 450 1820 omnino
465 1759 692 1820 noudumedita
700 1805 711 1846 ,
731 1760 799 1820 fieri
813 1782 877 1820 nou
893 1759 996 1841 potuit
1010 1755 1139 1836 quinita
1152 1773 1224 1834 per·

132 1871 309 1940 tractarem,
328 1872 365 1922 ut
385 1883 489 1924 eorum
504 1862 633 1942 aliquam
652 1872 731 1923 certe
747 1863 901 1924 notiouem
920 1879 1065 1944 caperem.
1109 1855 1225 1930 Quam-

133 1963 249 2042 obrem,
272 1966 298 2024 si
313 1963 422 2046 passim
435 1985 475 2026 ex
488 1965 639 2043 Patribus,
661 1965 845 2043 scholiastis,
865 1963 1051 2037 rhetoribus,
1073 1959 1226 2019 illustrare

133 2067 321 2146 quaestiones
336 2068 468 2149 aliquot,
490 2067 596 2128 afferre
614 2057 754 2148 pbrases,
775 2069 959 2149 locupletare
973 2062 1101 2138 terico,
1120 2068 1227 2118 notare

134 2189 249 2230 errores
272 2171 417 2250 quosdam
432 2171 586 2252 superiore
603 2168 747 2229 memoria
769 2171 940 2230 commissos
962 2167 1045 2251 (uam
1066 2162 1103 2222 ab
1124 2180 1226 2240 aequa·

133 2269 205 2330 lium
226 2293 370 2350 censura,
400 2294 475 2354 quae
491 2293 557 2333 mea
576 2279 683 2330 nutura
706 2278 766 2347 est,
795 2271 915 2330 omnino
938 2261 1079 2346 abstinui)
1102 2272 1226 2324 conatus

135 2391 206 2450 sum,
228 2393 295 2433 non
307 2373 375 2435 ideo
389 2375 423 2434 id
436 2373 502 2451 ieci,
525 2373 606 2454 quod
619 2371 673 2434 hos
687 2373 868 2434 recentiores
883 2354 1123 2452 scriptoresullo
1134 2362 1225 2425 modo

135 2478 351 2557 comparandos
365 2496 430 2537 esse
443 2498 509 2537 curu
523 2476 738 2555 antiquioribus
753 2476 984 2558 capitalibnsque
995 2470 1057 2532 illis
1072 2466 1225 2543 ducebam,

136 2596 207 2656 quos
222 2598 313 2638 nemo
327 2578 437 2659 opinor
448 2588 494 2639 est
507 2579 581 2659 quin
596 2579 700 2639 crebro
711 2590 863 2659 regnatore
878 2578 995 2657 cupiat,
1017 2572 1051 2632 in
1064 2570 1159 2650 iisque
1172 2588 1227 2627 sc-

135 2678 282 2758 quiescet,
303 2699 399 2758 nequo
412 2680 492 2764 quod
506 2700 604 2741 meum
616 2681 787 2743 studiorum
798 2700 890 2759 genus
899 2692 1066 2760 proponere
1078 2671 1111 2731 iu
1124 2690 1227 2731 exem-

135 2782 214 2862 plum
230 2782 314 2860 aliis,
336 2780 573 2843 adolescentibus
586 2784 762 2865 praecipue,
784 2781 890 2844 velints
911 2779 966 2839 sed
978 2776 1048 2856 quia
1061 2774 1096 2833 in
1110 2794 1146 2834 eo
1157 2772 1226 2830 loco

20 2942 22 2967 ,
137 2882 168 2943 in
184 2904 280 2965 eoque
301 2903 424 2943 munere
434 2874 638 2963 constitutus,
659 2894 696 2945 ut
712 2894 843 2947 tractm
861 2878 1008 2943 eiusmodi
1026 2876 1140 2957 scripte
1157 2892 1227 2933 cum

20 2976 22 3025 ἱ
136 2984 172 3045 sd
205 2985 396 3046 voluntatem
424 2988 557 3067 possim,
584 2995 650 3045 tum
678 3006 736 3067 pro
763 2985 866 3046 officio
893 2982 1032 3052 debeam,
1060 2977 1094 3036 id
1123 2974 1225 3051 ordiri,

20 3080 21 3117 ³
135 3086 214 3164 quod
229 3085 285 3145 alii
302 3087 400 3147 minus
419 3089 573 3149 commode
587 3098 726 3168 possent,
747 3106 846 3167 agero,
869 3104 959 3165 quam
973 3084 1053 3164 quod
1064 3081 1156 3143 iidem
1169 3098 1226 3141 aa·

136 3206 190 3265 que
202 3188 282 3250 bene
296 3198 384 3270 atque
398 3210 468 3269 ego,
489 3191 641 3251 autetiam
655 3192 749 3251 multo
763 3209 811 3251 me
820 3188 937 3251 melius.
1012 3215 1015 3220 ·

215 3358 287 3449 XV.
308 3357 493 3447 Accedebat,
515 3363 596 3445 quod
610 3363 644 3421 in
662 3360 818 3425 Britannia
837 3358 947 3420 novam
967 3358 1128 3418 editionem
1145 3352 1226 3415 The·

135 3458 213 3516 sauri
237 3458 430 3541 stephanioni
453 3463 554 3543 parari
579 3464 754 3541 audiebam,
783 3464 822 3523 ud
841 3482 963 3541 eamque
985 3456 1228 3539 locupletandam

135 3557 213 3619 viros
236 3560 342 3623 doctos
366 3564 491 3625 editioni
507 3567 691 3649 praepositos
708 3585 798 3626 voces
813 3564 950 3625 nondum
970 3562 1003 3623 in
1018 3561 1127 3621 Lexiou
1142 3577 1229 3619 rees-
1272 3582 1279 3589 ·

134 3668 199 3739 ptus
217 3662 352 3745 undique
367 3667 518 3748 aucupari.
561 3670 662 3743 Quare
674 3669 841 3745 vocabula,
864 3666 970 3745 quibus
992 3664 1109 3739 adhuc,
1131 3680 1229 3741 quan-
1245 3673 1277 3729 Ρ.
1294 3673 1351 3727 m

135 3767 196 3823 tum
209 3765 291 3842 scio,
311 3768 419 3831 toxica
436 3779 539 3839 carent
555 3771 686 3853 (enotavi
703 3780 803 3831 autem
818 3766 982 3849 multiplici
999 3766 1128 3826 lectione
1143 3782 1227 3821 com-

135 3859 221 3939 plura
233 3866 357 3944 millia),
376 3872 489 3953 passim
503 3872 661 3947 subiunxi,
686 3872 856 3952 gratificans
872 3868 1103 3950 lexicographis
1115 3866 1227 3948 potius,

136 3981 226 4041 quum
240 3965 321 4044 quod
339 3956 371 4025 in
389 3972 534 4028 eiusmodi
549 3975 647 4035 verbis
663 3974 808 4035 addendis
821 3994 962 4053 magnum
977 3970 1151 4049 ponendum
1164 3983 1227 4025 essa

136 4073 332 4145 momentum,
353 4078 406 4129 aut
426 4070 616 4149 gloriandum
633 4081 746 4152 putem.
787 4073 842 4151 Egi
862 4073 895 4133 id
916 4090 1055 4153 quoque,
1070 4078 1115 4142 ,ut
1131 4086 1226 4128 voca-

20 4168 21 4223 3
136 4161 205 4225 bula
217 4164 397 4251 phrasesque
415 4173 576 4257 praecipue
590 4194 628 4235 ex
650 4174 848 4257 scriptoribus
870 4173 932 4235 illis
953 4190 1116 4250 summam,
1138 4166 1192 4250 qui
1206 4188 1225 4229 a
1272 4248 1277 4255 Ι
