2959 4850
411 309 457 378 nt
478 307 717 377 THEODOSII
738 303 970 379 ACROASES.
1110 309 1113 316 '
1171 291 1246 369 643

142 469 245 533 luisse
255 468 337 532 aliud
349 467 523 550 poimstion
537 468 574 529 ad
590 466 794 528 celebrandam
807 483 925 546 quoqne
940 462 1101 545 Nicephori
1115 462 1153 523 de
1168 461 1247 524 Cha-

142 556 267 636 lepensi
291 555 415 615 Sultano
435 554 620 627 victorism‚'
633 552 712 633 quod
729 571 818 634 supra
833 550 921 610 etiam
934 569 972 609 ex
987 551 1049 612 eiua
1068 549 1194 634 epistola
1208 547 1247 613 ati

143 640 356 724 Nicephorum
375 641 408 700 iu
427 650 530 702 nostro
550 639 664 701 Merito
683 635 950 720 comprobavimus.
966 658 971 664 ·

369 923 424 990 IN
445 923 735 992 SECUNDAM
760 922 1032 991 AGROASIM.

237 1063 322 1126 Vera.
336 1063 366 1130 4.
392 1064 452 1138 Εἰς
469 1065 581 1143 καῦμα]
603 1061 754 1122 Mensibus
771 1064 833 1123 iere
847 1063 1011 1123 octodecim
1028 1061 1061 1122 in
1075 1063 1177 1121 &etas
1189 1080 1245 1123 ex·
1263 1055 1320 1112 0⁰¹·
1339 1059 1354 1112 l

141 1149 334 1230 pugnatione
349 1157 512 1228 pugnatum
530 1167 592 1213 esse
610 1147 713 1208 scribit
725 1148 1076 1208 Incertus-Continuator
1088 1145 1248 1227 Theopha-

142 1235 197 1294 nis
222 1236 253 1294 in
277 1235 442 1293 Rom.1un.
466 1253 548 1292 num.
572 1233 651 1293 XVI.
673 1253 739 1312 pag.
759 1236 833 1300 300.
862 1255 953 1313 quare
973 1243 1004 1292 et
1020 1233 1156 1292 ardentes
1176 1232 1249 1292 solis

142 1330 298 1379 aestuosa
315 1319 348 1377 in
364 1317 553 1400 expeditione
570 1319 698 1380 Graecos
714 1318 825 1378 milites
842 1320 1018 1381 sustinuisse
1030 1329 1112 1380 recte
1126 1318 1247 1378 adnotat

142 1403 345 1464 Theodosius.

230 1494 260 1554 7.
280 1482 383 1561 Au'rdr
396 1482 430 1548 di
442 1485 556 1566 καῦμα]
570 1487 638 1547 ‘Has
653 1487 730 1567 Imp.
746 1488 870 1548 Romani
886 1509 989 1566 curos,
1011 1509 1047 1548 ac
1063 1485 1247 1548 sollicitudi-

140 1591 220 1649 nes,
250 1573 354 1632 nullus
377 1590 415 1630 cx
436 1572 647 1651 superstitibus
669 1573 829 1632 Historicis
852 1583 1005 1634 memoret.
1047 1573 1247 1647 Quamobrem

141 1659 186 1718 ad
201 1658 266 1718 eius
283 1655 509 1717 assentationem
526 1656 668 1716 confictas
681 1677 698 1716 u
711 1655 880 1718 Theodosio
900 1659 1044 1734 arbitror,
1067 1667 1103 1717 ut
1115 1661 1152 1718 ab
1166 1658 1245 1716 auii-

141 1743 189 1804 cis
206 1743 395 1822 potissimum
408 1741 605 1822 scriptoribut
620 1741 684 1808 fieri
699 1743 824 1818 assolet3
849 1745 957 1803 scimus
972 1744 1060 1820 enim,
1075 1745 1241 1802 Romanum

140 1829 355 1908 voluptatibus
377 1827 478 1906 potius
502 1826 582 1886 domi
600 1827 757 1905 indulgere
775 1828 982 1906 consuevisse,
1004 1829 1112 1908 quibua
1129 1829 1243 1888 fractus

139 1913 250 1996 paullo
264 1921 333 1992 post
347 1911 509 1970 contabuit.

232 2003 281 2064 20.
314 1993 377 2078 Ίῆν
399 1994 457 2074 σήν
476 1993 604 2075 θλίψιν]
634 1995 680 2055 Ita
700 1995 784 2055 hunc
803 2015 924 2056 versum
948 1996 986 2056 ad
1008 1996 1098 2055 fidem
1123 1994 1262 2055 Codicis·

139 2083 351 2160 restituimus,
371 2080 422 2160 qui
436 2081 469 2140 in
482 2081 613 2142 editione
629 2080 761 2142 Cornelii
772 2081 849 2141 male
863 2101 894 2142 se
906 2080 1031 2140 habebat
1044 2081 1082 2140 ob
1095 2080 1243 2141 defectum

140 2167 334 2249 pronominis
352 2161 420 2246 σήν.

232 2257 283 2318 23.
303 2245 500 2331 Ἐζοομέοου]
521 2250 579 2309 Pro
593 2250 685 2311 verbo
698 2249 759 2310 hoc
771 2249 928 2311 Cornelius
943 2271 959 2309 s
973 2249 1081 2308 Codice
1092 2247 1242 2325 aberrans,

139 2337 234 2398 nullo
246 2355 335 2396 sensu
348 2335 442 2395 edidit
456 2333 622 2415 ἒξεσμὲνου.
663 2335 814 2396 Nunnium
827 2334 997 2395 afferentem
1009 2334 1166 2394 victoriam
1178 2334 1243 2393 lio-

140 2442 236 2484 mano
258 2423 383 2481 missum
398 2420 472 2481 dicit
490 2427 580 2501 poita
594 2419 631 2479 ab
651 2440 685 2481 eo
694 2464 703 2496 ,
726 2421 779 2503 qui
801 2418 834 2480 in
849 2423 896 2481 sui
910 2421 1065 2481 servitium
1079 2419 1243 2479 strinxerat

140 2508 295 2587 gladium,
316 2506 424 2586 quibus
436 2506 536 2567 verbis
550 2504 752 2587 Nicephorum
762 2505 910 2585 designat,
933 2506 985 2585 qui
999 2506 1032 2564 in
1044 2503 1170 2565 Romani
1185 2504 1243 2563 oh-

141 2594 282 2672 sequium
303 2593 342 2651 ad
356 2592 469 2652 bellum
482 2590 654 2651 huiusmodi
673 2590 827 2652 Saracenis
842 2590 1030 2651 inferendum
1046 2598 1241 2670 processerat.

144 2676 269 2757 [Verbis
286 2672 435 2758 μάχαιραν
453 2678 598 2749 δουλικοῖς
610 2676 774 2758 &turpisne
788 2676 1045 2736 circumscribitur
1058 2676 1136 2753 dux,
1161 2694 1241 2750 ense,

59 2808 64 2824 .
141 2772 181 2823 ut
199 2762 352 2841 dignitatis
367 2762 470 2840 signo,
493 2762 628 2839 cinctus,
649 2762 738 2843 idque
755 2764 917 2839 δουλικοῖς,
937 2770 972 2820 ut
985 2759 1121 2821 minister
1132 2756 1243 2840 -Iurpe-

142 2850 275 2924 tatoris,
297 2847 351 2927 qui
371 2846 452 2906 solus
468 2856 512 2913 est
525 2846 673 2906 dominus.
703 2848 786 2927 F.1.]

230 2936 282 2999 28.
304 2926 524 3016 Movorpt'muv]
545 2932 611 2991 Hoc
630 2932 750 2991 nomine
766 2931 888 3013 proprie
906 2930 1064 3008 dicuntum,
1092 2929 1144 3009 qui
1164 2927 1244 2988 idam
1260 2924 1356 2999 ⁰⁰¹·ss

141 3017 225 3077 vitae
246 3016 418 3075 institutum
439 3026 605 3093 sectantur,
628 3036 697 3093 sen,
722 3018 775 3095 qui
797 3016 986 3076 concorditer
1003 3015 1097 3075 simul
1116 3014 1238 3092 degunt,

141 3102 234 3161 utin
258 3100 364 3160 Psalm.
385 3100 551 3163 exvltv.
572 3108 603 3167 6.
644 3099 678 3163 Ὀ
700 3098 777 3176 Θεὸς
792 3102 950 3176 κατοικίζει
972 3094 1240 3181 μονοτρόπους
1332 3133 1337 3143 -

142 3186 178 3251 ἐν
202 3186 294 3271 οἴκῳ,
316 3188 406 3245 Deua
424 3186 692 3265 inhabitarejocs't
713 3190 838 3245 unius
857 3189 979 3245 moris
1001 3188 1035 3242 in
1049 3182 1147 3243 domo.
1179 3183 1240 3243 sed

142 3270 341 3353 Symmachus
361 3272 468 3332 uertit:
498 3274 636 3331 Domum
652 3272 776 3351 praebet
801 3276 860 3347 iia,
887 3273 945 3351 qui
962 3270 1100 3329 solitarie
1120 3271 1238 3329 vivunt.
1361 3288 1365 3296 ·

141 3356 246 3436 Itaque
268 3357 392 3419 loannes
413 3358 533 3416 Tretses
563 3356 638 3417 chit.
656 3358 709 3417 tx.
733 3378 762 3421 r.
780 3360 853 3423 338.
873 3357 983 3436 aliique
1002 3354 1152 3415 inferioris
1172 3352 1238 3413 seui

142 3442 253 3501 Graeci
272 3442 433 3521 scriptores
454 3460 487 3501 ea
507 3462 583 3502 voce
603 3442 642 3503 ad
659 3442 821 3501 Muneohos
838 3440 1036 3519 designandos
1056 3441 1174 3518 saepius
1190 3436 1238 3497 usi

142 3536 224 3587 sunt.
269 3526 398 3607 Gyrillus
413 3525 677 3608 Scythopolitanus
697 3527 730 3587 in
742 3527 810 3588 vita
833 3530 863 3587 S.
877 3526 969 3585 Sabae
988 3545 1051 3605 cap.
1067 3528 1119 3589 28.
1133 3524 1239 3582 Mona-

141 3610 269 3671 chorum
290 3612 417 3673 virtutes
438 3612 623 3690 describens,
650 3612 774 3675 allatum
794 3611 902 3674 Psalmi
922 3609 1105 3672 versiculum
1120 3608 1158 3668 ad
1172 3608 1238 3669 Μο-

140 3696 256 3755 nnchos
270 3698 421 3757 transfert.
484 3735 487 3746 ·

226 3784 278 3846 33.
299 3781 528 3863 Σοοτρατηγοῦ]
559 3781 634 3857 Quis
657 3780 749 3841 huius
767 3779 852 3841 vocis
873 3778 932 3839 hoc
951 3778 984 3838 in
1005 3778 1073 3839 loco
1092 3798 1183 3839 verus·
1198 3778 1239 3838 sit

142 3884 244 3924 sensus
266 3886 328 3925 non
348 3866 424 3925 bene
437 3886 585 3945 assequor.
628 3862 837 3949 Sororpurnydc
848 3886 904 3946 pro
918 3866 1031 3942 collega
1046 3863 1164 3945 imperii
1178 3864 1237 3924 rui-

142 3950 254 4026 litaris,
275 3970 327 4009 seu
342 3970 399 4031 pro
415 3971 466 4028 eo,
488 3952 540 4031 qui
556 3952 646 4012 simul
665 3952 792 4027 militat,
821 3960 851 4009 et
872 3950 1053 4031 praeliatur,
1074 3951 1236 4029 scriptores

142 4034 250 4095 Graeci
275 4035 430 4113 adhibent3
452 4046 482 4097 et
507 4037 634 4115 proinde
654 4038 693 4096 ad
709 4034 916 4115 ⁴Nicephorum
937 4035 1092 4095 reserenda
1114 4035 1236 4096 videra-
1287 4028 1290 4033 ’

141 4128 200 4178 tur.
229 4120 338 4180 Verum
352 4141 383 4180 ea
397 4121 601 4200 interpretatio
616 4140 682 4181 cum
696 4121 834 4199 reliquis,
856 4140 930 4199 quae
948 4142 965 4177 a
978 4125 1068 4199 pcatit
1082 4119 1133 4179 hic
1146 4138 1236 4178 enare

140 4204 264 4282 rantur,
286 4226 348 4265 non
366 4206 441 4266 bene
454 4204 608 4280 cohaeret3
630 4206 791 4267 etidcirco
805 4205 905 4287 potius
928 4206 1006 4265 Deus
1021 4206 1084 4283 ipae
1097 4208 1235 4285 Σοοτρο-

99 4372 103 4375 -
139 4284 226 4371 τηγός
242 4310 259 4347 a
274 4290 440 4352 Theodosio
470 4292 637 4373 appellatus
652 4291 790 4369 videtur,
812 4290 896 4351 cuius
910 4290 1099 4370 potissimum
1122 4309 1179 4371 ope
1199 4308 1236 4347 ac
