2959 4850
230 310 290 379 DE
310 310 464 379 EXPED.
483 308 571 381 SYR.
592 308 675 380 NIC.
695 309 824 380 PHOC.
845 312 907 379 ET
926 312 982 382 10.
1002 313 1123 384 TZIM.
1164 308 1241 381 ott

141 472 360 557 Mopsuestiam
374 470 525 533 obseditet
535 482 694 556 postquam
709 472 790 554 cepit
803 471 851 533 die
861 474 1001 553 Saturni,
1015 474 1065 537 dic
1079 479 1120 543 13
1133 477 1244 539 mansis

148 576 318 641 Radachsbi
344 573 434 635 huius
459 576 547 654 anni,
578 594 712 655 magnam
740 575 860 637 casdem
881 578 916 637 in
935 597 970 638 aa
989 578 1091 640 edidit
1140 580 1244 655 Quum

151 684 288 757 200,000
306 677 460 756 auorum,
487 678 644 739 mulierum
659 688 689 738 et
702 676 867 739 liberorum
882 677 984 739 uncta
1002 679 1036 740 in
1054 688 1165 741 terram
1178 683 1244 745 llo·

149 800 308 841 manorum
320 779 457 856 misisset,
481 782 520 841 ad
532 782 657 841 Tarsum
671 780 899 862 oppugnandam
907 782 1061 862 proiectus
1071 792 1125 844 ost.
1153 785 1246 846 (iuius

148 864 231 944 cives
249 902 343 963 quum
363 882 513 963 supplices
533 884 769 945 incolumitatem
789 884 827 943 ab
846 904 881 943 eo
899 892 1049 965 peterent,
1069 885 1244 967 pollicentes

148 1006 180 1045 sa
193 995 295 1067 portas
311 995 474 1067 aperturos,
491 985 630 1048 misertus
644 1008 747 1049 eorum
757 984 913 1069 promisit,
926 1006 958 1046 se
970 984 1063 1049 vitam
1077 986 1139 1047 illis
1153 1006 1242 1069 opes-

146 1108 207 1168 que
221 1098 417 1149 servaturum.
458 1088 609 1167 Ingressus
623 1091 727 1151 urbem
741 1089 893 1171 principes
911 1087 1023 1151 Arabos
1036 1088 1166 1151 multum
1182 1089 1243 1151 ho·

146 1189 284 1266 notavit,
315 1209 432 1251 mansae
461 1190 599 1252 adhibuit
618 1201 648 1252 et
666 1194 783 1269 iussos,
816 1191 965 1272 quidquid
989 1212 1082 1273 opum
1108 1204 1241 1273 possent,

147 1312 248 1352 secum
260 1293 392 1372 auferre,
414 1292 603 1353 Antiochiam
616 1296 713 1372 misit,
734 1296 814 1355 iacta
830 1293 918 1353 otiam
934 1302 1095 1375 potestate,
1115 1302 1151 1354 ut
1170 1295 1242 1374 qui·

147 1414 263 1475 cunque
283 1415 346 1455 non
367 1394 571 1474 Antiochiam,
600 1396 653 1457 sed
672 1397 704 1455 in
724 1396 797 1456 alias
818 1394 948 1457 Arabum
964 1396 1052 1459 urbas
1068 1396 1114 1457 ira
1128 1397 1240 1475 mallet,

146 1516 327 1579 quocunque
342 1498 449 1575 vellet,
471 1498 574 1559 abiret.
616 1498 704 1559 Dedit
724 1518 843 1579 quoque
859 1499 998 1561 custodes
1010 1510 1070 1561 tres
1084 1500 1239 1580 prtrieios,

145 1600 199 1679 qui
219 1600 254 1660 ab
276 1601 358 1661 omui
378 1622 428 1661 cos
442 1601 553 1661 iniuria
572 1600 773 1661 defenderant.
813 1600 950 1661 Armenia
973 1602 1165 1681 quibusdam,
1186 1600 1241 1680 qui

143 1704 298 1763 nonnullis
314 1703 459 1765 Arabibus
480 1724 584 1763 manus
604 1703 785 1775 intulerant,
807 1723 913 1764 manna
933 1724 1080 1783 nasosquo
1099 1712 1239 1784 amputa·

143 1806 198 1883 vit,
211 1816 368 1886 postquam
382 1807 511 1867 multum
525 1805 650 1885 flagellis
664 1805 740 1864 caesi
756 1815 850 1867 erant.
877 1808 1000 1886 Legatos
1012 1806 1046 1866 in
1058 1825 1160 1867 omncs
1171 1804 1238 1865 viu

145 1927 212 1966 cum
234 1908 294 1967 illis
313 1908 395 1968 misit
413 1917 443 1968 et
464 1928 580 1967 omnam
604 1906 687 1967 dedit
708 1927 844 1987 operam,
874 1918 911 1968 ut
929 1909 1008 1968 bona
1028 1928 1098 1969 cum
1110 1928 1186 1990 paca
1198 1907 1239 1969 ad

143 2008 270 2089 Arabes,
294 2012 389 2072 socios
403 2030 490 2087 snos,
511 2012 710 2091 pervenirent.
753 2010 911 2090 Templum
929 2010 1072 2070 Tarsense
1091 2030 1237 2091 equorum

144 2112 293 2173 stabulum
313 2114 393 2174 iecit.
442 2114 533 2172 Tarso
555 2112 715 2194 patricium
739 2131 809 2171 cum
832 2113 917 2178 0000
939 2111 1071 2191 equitum
1092 2114 1237 2194 imposuit

142 2216 332 2296 praesidium.
373 2216 471 2276 Etiam
484 2214 621 2275 Massisas
636 2214 728 2275 alium
740 2214 901 2294 patricium
916 2213 1048 2294 reliquit.
1088 2216 1238 2280 Restituta

143 2318 253 2378 Tarsus
274 2318 402 2378 multum
422 2318 530 2378 florere
552 2319 658 2398 coepit.
701 2316 796 2377 Tanta
809 2325 874 2376 erat
887 2316 921 2375 in
933 2337 968 2377 ca
985 2338 1121 2379 annonae
1137 2317 1237 2378 abun-

143 2418 261 2497 dantia,
284 2431 320 2482 ut
337 2421 377 2488 14
392 2420 479 2502 ponis
491 2420 579 2480 litrae
595 2440 748 2499 unauuza
759 2418 969 2483 venderentur.
1003 2420 1094 2482 Multi
1105 2441 1144 2481 ex
1156 2419 1236 2482 Ata·

89 2515 93 2520 ’
142 2522 238 2599 bibus,
260 2523 368 2604 priscis
384 2524 447 2583 eius
460 2522 589 2600 civibus,
611 2522 724 2584 reversi
737 2532 824 2596 sunt,
844 2543 974 2602 quorum
986 2524 1081 2605 aliqui
1093 2522 1238 2606 baptisati

141 2634 173 2684 et
195 2623 355 2684 Christiani
379 2627 452 2686 lacti
478 2634 563 2703 sunt,
599 2626 709 2709 aliqui,
738 2644 868 2706 quornm
892 2634 994 2686 tamen
1017 2627 1106 2688 liberi
1132 2644 1236 2688 omnes

141 2725 387 2807 baptizabantur,
407 2729 440 2788 in
453 2727 513 2787 fide
528 2747 579 2789 sua
591 2729 797 2810 perstiterunt.

225 2829 312 2888 Anno
339 2839 407 2910 poet
429 2850 483 2890 rex
502 2829 688 2910 Nicephorus
709 2829 848 2892 Amidam
866 2831 982 2894 obsedit
1002 2842 1049 2910 ot,
1070 2851 1163 2914 quum
1181 2850 1235 2891 cs-

139 2951 211 3014 pcre
233 2931 387 3012 nequiret,
409 2931 598 2992 Antiochiam
617 2932 729 2991 multoe
751 2931 814 2993 dies
834 2936 1035 3016 oppugnavit,
1056 2935 1109 2996 sed
1124 2933 1234 2994 simili-

140 3043 186 3094 ter
208 3053 313 3116 capara
333 3054 397 3094 non
420 3033 538 3114 potnit3
564 3033 665 3114 itaquo
687 3035 820 3096 incensis
848 3037 925 3099 vicis
947 3036 1104 3119 hortisque
1124 3035 1235 3099 ricinis

139 3137 220 3200 abiit.

222 3241 312 3302 Anno
335 3241 517 3302 Graecorum
539 3245 637 3321 1279,
661 3244 793 3306 Arabum
807 3243 890 3318 357,
911 3241 1076 3304 Choamani
1090 3237 1233 3302 nonnrslli

139 3363 206 3404 cum
224 3345 309 3410 3000
328 3341 459 3405 Arabum
479 3345 735 3409 Antiochenorum
753 3350 788 3409 in
808 3347 1027 3429 Cappadociam
1045 3347 1232 3427 irruperunt,

138 3447 191 3506 aad
208 3446 323 3525 40,000
343 3448 562 3525 Romanorum,
591 3451 644 3531 qui
667 3460 879 3528 occurrerant,
891 3442 1065 3532 ¹permultos
1083 3447 1233 3509 Gborasa·

136 3567 244 3610 norum
264 3559 294 3610 et
305 3547 563 3610 Antiochenorum
584 3560 649 3612 tum
668 3553 897 3631 interfecerunt,
916 3564 984 3615 tum
1001 3553 1121 3616 vinctos
1140 3546 1235 3609 abdu-

136 3661 257 3712 xerunt.
299 3649 409 3712 Arabes
422 3649 602 3714 Antiochcni
616 3655 822 3717 Patrisrchsm
840 3651 1125 3716 chalcedonensium
1153 3648 1234 3710 occi·

136 3753 248 3814 derunt
269 3763 299 3814 et
317 3757 453 3818 ecclesias
469 3757 646 3820 Antiochiae
666 3761 778 3820 multas
794 3767 958 3821 vastarunt
999 3753 1128 3816 Romani
1139 3754 1234 3812 Sarn-

135 3875 205 3936 gum
219 3857 346 3936 proiecti
361 3863 426 3927 800
436 3859 546 3924 Arabas
562 3871 593 3922 et
605 3861 718 3922 multas
729 3862 860 3942 pecudes
872 3860 1073 3921 abduxerunt.
1134 3846 1138 3855 ’

219 3957 288 4018 Hoc
303 3979 402 4040 anno,
424 3971 492 4024 orto
508 3965 588 4025 inter
605 3964 805 4043 chorasmos,
828 3963 882 4046 qui
903 3960 1079 4024 Antiochiae
1098 3965 1233 4021 areatat

135 4059 247 4122 Arabas
266 4061 475 4125 'Antiochenoa
503 4067 640 4146 dissidio,
667 4069 797 4129 Romani
823 4089 863 4130 ex
886 4067 1008 4147 regione
1043 4060 1232 4126 Antiochen·

137 4169 178 4232 12
195 4163 353 4228 hominum
368 4167 477 4246 millia,
498 4169 581 4231 viros
599 4181 630 4231 st
647 4171 804 4264 mulieres,
833 4191 944 4255 pueros
966 4169 1154 4253 puallwqms
1176 4163 1231 4222 'b‘
1331 4235 1343 4250 ,

136 4265 297 4334 duxerunt.
339 4269 427 4333 Anno
441 4281 527 4356 post,
547 4271 609 4336 ia.
628 4277 712 4342 1280
731 4275 933 4354 Graecorum,
953 4269 1081 4337 Romi
1093 4265 1229 4350 ⁰⁸Ph'1·
