2959 4850
444 288 506 354 nu
525 286 812 359 ncueuoaun
832 287 1025 393 suumn
1205 279 1283 357 ses
1383 303 1388 314 ·

187 459 268 521 tum,
289 446 349 509 lroc
370 454 416 507 est
435 465 473 507 ex
491 446 636 509 adulterio
656 459 761 509 natum
779 448 1018 531 chronographia
1034 449 1185 529 innotuit5
1212 468 1282 533 asy-

187 553 310 631 lumque
324 550 380 609 sibi
393 552 513 631 secisse,
538 553 645 633 inquo
660 550 750 611 alieni
763 551 838 609 aeris
853 550 1019 629 debitores,
1039 552 1196 631 fugitivos,
1216 575 1286 621 ser-2

188 638 258 731 vos,
286 652 471 731 homicidas,
501 675 538 714 ac
564 674 622 736 pro
647 652 779 713 reatibus
803 650 865 712 suis
887 662 986 715 morte
1012 650 1117 733 dignos
1144 657 1284 738 suscepit,

190 756 469 836 multitudinemque
491 757 650 837 quamdam
670 756 776 816 talium
798 753 854 814 sibi
876 755 1018 832 adscivit,
1040 774 1116 835 quos
1136 756 1285 819 Romanos

190 859 367 940 appellavit:
388 878 426 918 ex
439 879 495 939 qua
505 860 660 919 nobilitate
675 856 831 939 propagati
837 866 909 917 eunt
917 858 988 939 ipsi,
1006 861 1285 938 quosvochsmo-

189 972 335 1037 oratores,
362 960 395 1020 id
418 972 462 1021 est
483 962 678 1042 Imperatores
702 959 876 1042 appellatis,
903 982 979 1041 quos
999 982 1073 1041 nos,
1094 962 1284 1042 Langobardi

189 1063 313 1139 scilicet,
337 1065 476 1139 Saxones,
498 1064 614 1140 Franci,
636 1064 825 1143 Lotharingi,
847 1062 991 1143 Baioarii,
1012 1064 1119 1142 Saevi,
1139 1066 1310 1141 Bargates-c

148 1146 152 1153 ¹
190 1164 295 1226 diones
308 1174 394 1225 tanto
408 1166 613 1245 dedignemur,
634 1176 670 1227 ut
684 1167 823 1227 inimicos
834 1176 957 1228 nostros
970 1165 1121 1247 commoti,
1140 1166 1188 1227 nil
1200 1165 1285 1226 aliud

177 1268 453 1345 contumeliarum,
475 1269 533 1329 uisi
542 1314 551 1345 ,
573 1271 721 1346 Romane,
743 1270 894 1329 dieamus:
914 1268 974 1329 hoc
989 1270 1054 1329 solo
1067 1269 1158 1331 idest
1172 1270 1283 1329 Roma-

189 1389 299 1430 norum
330 1371 470 1447 nomine,
509 1370 656 1451 quidquid
682 1370 894 1449 ignobilitatis,
931 1370 1076 1451 quidquid
1102 1370 1283 1447 timiditatis,

191 1450 337 1553 quicquit
356 1473 513 1549 evaneat,
536 1472 684 1553 quidquid
698 1470 852 1547 luxurias,
875 1472 1206 1552 quinquemenstres,
1226 1474 1286 1535 ima

187 1596 236 1635 mo
251 1575 396 1655 quidquid
408 1577 552 1637 vitiorum
566 1586 626 1652 est,
648 1572 942 1653 comprehendentes.
983 1574 1119 1635 Inbelles
1133 1595 1205 1636 vero
1216 1597 1283 1653 nos,

187 1688 218 1739 et
233 1679 386 1758 equitandi
405 1678 515 1739 inscios
536 1679 604 1759 quia
629 1676 703 1739 dicis
721 1676 747 1736 si
763 1675 997 1737 Quanam
1018 1686 1140 1759 peccata
1159 1699 1282 1759 prome-

187 1784 307 1859 rentur,
329 1791 366 1842 ut
378 1782 410 1841 in
423 1782 480 1842 bac
494 1784 665 1843 austeritate
678 1778 840 1860 perdures,
864 1780 966 1858 quales
980 1800 1034 1841 vos
1046 1780 1117 1842 estis
1125 1826 1135 1857 ,
1156 1800 1283 1861 quamve

188 1904 337 1965 pugnaces
347 1904 403 1944 nos
419 1886 528 1962 simus,
549 1886 625 1945 bella
639 1884 777 1965 proxima
793 1882 1046 1944 demonstrabmst.
1088 1884 1210 1945 Talibus
1224 1883 1282 1945 Ni-

189 1986 337 2068 cephorus
354 1988 548 2049 exacerbatus
566 1976 678 2063 dictis,
700 2006 792 2047 mauu
810 1984 963 2047 silentium
985 1985 1113 2062 indixit,
1131 2006 1284 2047 mensam-

188 2108 245 2168 que
254 2089 483 2151 sinelatitudine
499 2092 617 2169 longam
628 2086 751 2164 auferri,
775 2106 881 2165 meque
894 2088 926 2147 in
939 2088 1068 2149 invisam
1084 2088 1216 2164 domm,
1229 2106 1283 2149 seu

190 2200 225 2251 ut
242 2192 342 2253 verius
364 2194 473 2269 fatear,
488 2210 644 2253 carcerem
662 2189 774 2253 reverti
794 2190 955 2271 praecepit.
996 2190 1056 2251 ubi
1069 2197 1137 2268 post
1155 2189 1284 2250 biduum

190 2314 257 2352 cum
271 2292 493 2371 indignatione,
514 2304 580 2354 tum
597 2302 698 2368 aestu,
721 2299 752 2351 et
773 2290 840 2366 siti,
860 2312 967 2371 magno
986 2292 1312 2369 sumlanguoreal·1)

187 2396 302 2473 fectus,
324 2395 376 2456 sed
393 2404 423 2455 et
444 2398 623 2458 asseclarum
636 2414 775 2457 mserum
792 2414 881 2456 namo
895 2394 1010 2472 extitit,
1031 2385 1084 2475 qui
1099 2415 1163 2456 nou
1178 2394 1284 2463 eodem

106 2495 111 2502 '
188 2498 320 2558 ebriatus
338 2499 467 2579 poculo,
490 2499 568 2560 diem
590 2500 646 2560 sibi
667 2499 806 2560 ultimum
819 2498 975 2560 imminere
993 2499 1177 2562 formidaret.
1221 2499 1284 2560 Cur

189 2619 297 2681 quaeso
314 2621 376 2660 nou
391 2612 593 2681 aegrotarent,
615 2601 724 2683 quibus
740 2609 804 2661 erat
821 2611 912 2682 potus
927 2623 984 2683 pro
1003 2602 1116 2683 optimo
1129 2601 1205 2662 vina
1220 2602 1283 2661 sal-

189 2725 279 2784 sugo,
306 2724 363 2785 pro
393 2703 519 2764 culcitra
526 2749 535 2782 ,
566 2725 631 2764 non
659 2706 802 2780 foenum,
828 2723 892 2764 non
915 2714 1063 2783 suamen,
1090 2724 1154 2764 ncn
1178 2704 1283 2765 saltem

188 2815 287 2883 terra,
307 2806 360 2866 sed
379 2805 490 2867 durum
506 2826 653 2886 marmor,
675 2829 731 2889 pro
757 2806 898 2869 cernent
915 2807 1017 2888 lapis'l
1049 2807 1155 2888 qubus
1177 2807 1282 2887 patula

189 2899 318 2986 domus,
339 2929 402 2968 non
423 2909 570 2987 calorem,
591 2931 654 2972 non
674 2911 815 2988 imbrem,
843 2930 906 2970 non
923 2908 1017 2988 frigus
1039 2909 1165 2974 arcebat.
1213 2908 1282 2990 Ipsa

188 3010 216 3070 si
236 3011 328 3072 vellet
349 3011 429 3072 salus
453 3011 499 3072 bis
518 3013 713 3092 circumfusa,
734 3023 772 3074 ut
788 3012 879 3090 vulgo
898 3010 1074 3091 loquimur,
1094 3031 1145 3074 eos
1164 3011 1283 3072 salvare

188 3133 251 3174 non
276 3121 384 3194 posset.
434 3113 559 3194 Proprie
583 3133 669 3194 ergo,
699 3125 788 3196 atque
808 3133 944 3174 meorum
968 3113 1140 3176 debilitatus
1161 3113 1281 3193 ango'rs,

189 3224 356 3276 convocato
370 3215 409 3275 ad
423 3236 471 3276 me
485 3217 624 3294 custode,
644 3219 735 3279 immo
756 3225 947 3300 persecutore
960 3233 1044 3292 meo,
1065 3237 1129 3278 uon
1142 3215 1281 3298 precibus

189 3321 298 3394 solum,
318 3317 371 3378 sed
383 3317 481 3398 pretio
493 3318 625 3396 obtinui,
646 3330 682 3381 ut
693 3321 847 3404 epistolem
859 3341 957 3380 meam
967 3319 1052 3380 bunc
1064 3319 1185 3380 modum
1201 3333 1309 3388 con-n

189 3423 334 3483 tinentem
354 3419 516 3501 Nicephori
536 3422 622 3482 fratri
640 3421 778 3485 deferret.
819 3423 914 3484 Leorfi
935 3421 1103 3505 Coroplati,
1131 3430 1163 3480 et
1181 3421 1282 3499 Lego-

190 3523 287 3586 tbetae
304 3527 360 3588 sod
379 3519 493 3608 δρόμου
510 3524 712 3606 Luitprandus
732 3525 914 3608 Episcopus.
953 3525 986 3585 si
1007 3525 1172 3604 Imperator
1192 3523 1282 3582 Sera·

189 3629 329 3688 nissimus
348 3627 543 3708 petitionem,
564 3628 602 3687 cb
619 3651 709 3710 quam
722 3631 805 3708 veni,
821 3627 966 3711 perficere
985 3626 1114 3706 cogitat,
1135 3643 1199 3683 non
1211 3621 1282 3684 iati-

188 3740 260 3810 gant
280 3749 344 3806 ms,
366 3750 439 3810 quas
459 3728 511 3790 hic
531 3731 680 3812 sustineo,
703 3733 874 3816 passiones:
896 3728 991 3791 literis
1006 3725 1194 3790 sclssmmodo
1208 3723 1282 3786 mais

189 3840 220 3894 st
239 3831 368 3909 nuncio,
389 3841 425 3892 ut
443 3831 610 3894 instruatur
630 3834 773 3896 Dominus
797 3852 894 3909 meus,
916 3851 965 3892 me
986 3829 1037 3890 hic
1055 3847 1170 3890 moram
1189 3826 1226 3886 ab
1247 3845 1283 3888 re

188 3951 252 3991 non
267 3933 374 3994 secere.
417 3933 505 4007 Quod
522 3934 550 3994 si
570 3948 655 3996 secus
677 3929 725 3998 res
741 3955 804 3997 sess
815 3934 920 4010 babet,
942 3931 1028 3995 navis
1043 3941 1074 3993 et
1089 3931 1142 3993 bic
1156 3928 1284 3992 Veneti·

190 4055 313 4112 corum,
335 4035 527 4116 onerariaqne
547 4038 701 4117 proficisci
723 4039 862 4112 iestinst,
882 4034 963 4096 hanc
982 4055 1030 4096 me
1053 4043 1206 4116 aegrotum
1227 4032 1284 4092 in-

189 4135 274 4215 gredi
294 4136 390 4215 sinat,
410 4147 446 4198 ut
459 4138 486 4197 si
507 4138 710 4202 dissolutionis
728 4161 811 4202 meae
830 4149 948 4221 tempus
962 4138 1134 4216 advenerit,
1155 4135 1282 4196 cadaver
1298 4146 1391 4206 cote

188 4257 288 4302 meum
308 4240 435 4322 genitale
454 4239 558 4304 saltem
580 4241 678 4304 solum
696 4241 849 4326 smcipiat.
899 4241 981 4320 Qun
1001 4262 1072 4304 cum
1088 4239 1223 4322 legisset,
1249 4255 1282 4296 ss
