2959 4850
406 274 465 341 AD
485 270 772 343 NICEPHORUM
790 272 987 347 PHOCAM.
1170 262 1244 339 em

160 434 233 496 ono
260 432 293 493 in
314 432 399 493 nullo
425 430 575 512 disparee,
603 441 737 513 ternpore
762 432 905 493 ffiatautea
925 440 1057 507 tantum,
1078 430 1167 493 nmo]
1187 430 1247 494 boc
1318 495 1322 504 ,

159 534 308 619 praesenti
319 544 452 614 tempore
465 533 707 595 exterminabunt
720 554 880 613 onagrum,
901 534 934 595 id
947 544 992 595 cet
1003 533 1168 595 silvestrem
1186 536 1250 595 aei·

158 658 232 700 num
246 636 465 718 Nicephorum:
487 636 540 717 qui
553 656 615 698 non
627 636 792 716 incongrue
805 637 934 699 ailveatn'
949 635 1031 696 aeino
1050 646 1249 715 comparatur,

160 742 322 803 obvanam
343 748 373 800 et
396 738 516 799 inanem
536 739 675 818 gloriam,
702 737 1074 820 incertumquedlominae
1097 746 1128 795 et
1157 737 1248 797 Com·

158 843 261 906 metria
285 862 355 903 auae
379 840 559 920 coniugium.
600 843 631 903 si
652 864 762 923 oneger
781 843 837 903 iate
854 862 936 902 nunc
954 861 972 900 a
991 840 1078 900 leone
1098 847 1129 899 et
1148 840 1277 900 catuloll

159 956 264 1007 noetro
285 946 413 1019 ottone,
433 952 463 1004 et
482 944 610 1023 Ottone,
632 956 716 1026 patre
731 945 863 1022 scilicet,
885 954 915 1005 et
934 942 1014 1021 filio,
1035 941 1171 1021 Augustis
1187 942 1250 1001 lio-

159 1066 315 1107 manorum
327 1046 559 1127 imperatoribua
572 1047 784 1109 exterminetur
795 1068 857 1109 nou
873 1046 978 1122 fuerit,
999 1064 1057 1103 nec
1071 1044 1153 1123 quod
1170 1042 1253 1124 Hip·

157 1150 282 1229 polytua
301 1148 422 1229 acrlpeit
438 1168 541 1209 verum
557 1149 631 1213 erit:
651 1154 834 1213 Graecorum
855 1150 934 1211 enim
952 1148 1007 1207 illa
1022 1146 1159 1226 euperior
1173 1144 1253 1205 abii-

159 1250 263 1309 cienda
277 1250 484 1332 interpretatio
498 1260 552 1311 eat.
595 1254 669 1333 Sed,
692 1276 710 1314 ο
725 1256 795 1315 laen
807 1256 885 1315 bone
893 1298 903 1329 ,
928 1252 1008 1311 Daue
1021 1257 1155 1325 aeterne,
1173 1247 1248 1308 Ver-

158 1352 231 1412 bum
250 1353 345 1413 Patria
355 1400 365 1430 ,
384 1352 437 1431 qui
452 1353 538 1413 nobie
554 1354 683 1435 indignis
703 1357 836 1439 loqueria
855 1374 918 1415 non
939 1372 1033 1427 voce,
1054 1350 1107 1411 ead
1120 1349 1253 1428 inepira-

157 1454 257 1524 tiene,
279 1455 395 1516 nullum
410 1455 496 1515 eliam
507 1456 793 1537 interpretationem,
812 1478 898 1536 quam
910 1474 1006 1515 meam
1018 1453 1051 1511 in
1064 1451 1122 1511 hac
1131 1459 1252 1512 aeuten-

30 1564 32 1569 “
157 1554 200 1613 tia
213 1555 298 1619 velie.
340 1556 411 1618 lube
430 1566 467 1617 ut
478 1558 525 1621 leo
549 1567 578 1617 et
600 1561 718 1621 cetulua
739 1559 793 1619 iati
810 1557 893 1617 hunc
911 1553 1127 1631 exterminent,
1147 1551 1252 1613 ethu-

157 1657 275 1717 milieut
294 1678 438 1737 onagrum
457 1680 599 1740 corpore,
622 1669 768 1740 quotenne
784 1660 818 1719 in
840 1678 872 1718 ee
888 1676 1042 1732 reveraua,
1061 1654 1250 1735 dominioque
1265 1659 1361 1716 eote

157 1758 221 1819 anie
245 1760 356 1821 Beailio
379 1770 408 1821 et
431 1760 626 1821 Constantino
647 1760 880 1844 Imperatoribue
899 1759 1052 1836 eubditue,
1071 1757 1107 1819 in
1125 1758 1173 1817 die
1188 1760 1251 1817 Do-

156 1860 232 1919 mini
251 1862 376 1942 epiritua
397 1863 438 1923 eit
459 1865 569 1926 ealvua.
612 1864 670 1925 Sed
687 1862 860 1925 Antronomi
878 1860 939 1921 boc
961 1860 1040 1921 idem
1060 1860 1098 1921 to
1113 1860 1199 1924 vebia
1220 1869 1251 1921 at

156 1962 324 2044 Nicephoro
340 1967 567 2047 praenunciant.
601 1967 668 2042 Rea,
686 1966 816 2045 inquam,
831 1966 914 2027 mire.
950 1964 1025 2023 Cum
1042 1962 1171 2043 quodem
1185 1982 1251 2023 aum

156 2064 275 2125 locutua
289 2066 485 2145 Antrouomo,
507 2070 558 2149 qui
570 2080 719 2146 ventrem,
740 2066 859 2127 Domini
873 2065 932 2125 mei
943 2065 1086 2144 Augueti,
1107 2065 1250 2145 aequivo-

158 2166 244 2245 cique
256 2168 350 2229 veetri
370 2170 493 2249 du‘grmi
514 2172 655 2249 formam,
677 2188 789 2245 morea,
812 2176 948 2240 attunt,
969 2187 1040 2227 vere
1057 2167 1135 2227 dixit
1141 2190 1150 2244 5
1173 2186 1250 2227 cuu-

158 2276 263 2349 cteque
295 2291 361 2330 mee
384 2274 544 2353 praeterita
573 2272 658 2353 quasi
685 2270 853 2353 praetentie
877 2269 965 2330 dixit.
1014 2270 1077 2329 Nec
1096 2266 1251 2350 praeteriit

157 2368 313 2449 quiequam
329 2375 507 2456 amicorum,
530 2376 581 2438 vel
594 2374 801 2454 inimicorum,
823 2371 860 2432 de
874 2370 982 2450 quibua
993 2391 1077 2432 mna
1090 2370 1166 2432 mihi
1177 2390 1251 2450 eug-

155 2477 247 2553 geeait
266 2487 302 2537 ut
323 2477 552 2556 interrogarem,
576 2479 660 2538 cuine
682 2476 834 2551 habitum,
856 2475 982 2534 formam
1004 2485 1033 2534 et
1061 2495 1158 2534 morea
1186 2493 1250 2534 nou

156 2576 274 2638 diceret.
317 2579 476 2659 Quidquid·
486 2581 660 2642 calamitatis
678 2579 755 2640 mihi
768 2571 828 2638 boc
841 2577 875 2636 in
893 2576 1000 2638 itinere
1017 2577 1143 2655 accidit,
1164 2577 1248 2636 sutu-

153 2700 223 2741 rum
249 2700 310 2742 eeee
336 2681 494 2761 praedixit
546 2683 590 2742 Sit
617 2681 806 2742 mendacium
833 2698 920 2739 omen
948 2676 1007 2757 ³¹),
1043 2677 1126 2758 quod
1151 2677 1278 2754 dixit3B

156 2803 265 2855 unum,
285 2803 411 2863 quaero,
439 2784 627 2844 solummodo
659 2785 699 2843 eit
719 2802 841 2858 verum,
864 2779 947 2859 quod
965 2799 1020 2842 voa
1036 2799 1099 2840 eaee
1118 2781 1251 2840 facturo·

155 2883 324 2964 Nicephore
338 2885 506 2965 praedixit,
519 2885 574 2944 liat
586 2884 710 2960 utinam,
732 2883 848 2943 utinam
861 2882 924 2956 fiat,
945 2892 975 2942 et
988 2891 1052 2942 tum
1065 2883 1111 2942 nil
1122 2903 1169 2941 me
1181 2881 1251 2940 mali

154 3007 277 3066 pneeum
293 3007 354 3046 enee
368 2985 540 3064 intelligam.
562 2985 672 3044 Scribit
683 2984 771 3042 etium
785 2987 936 3065 praefatur
949 2985 1142 3066 Hippolyten,
1157 2985 1250 3043 Grae·

156 3107 214 3148 coe
226 3109 289 3148 non
301 3089 406 3148 debera
422 3091 601 3165 Saracenos,
622 3087 674 3146 eed
692 3087 823 3146 Francoe
846 3097 1012 3148 conterere:
1040 3107 1099 3166 qua
1123 3088 1251 3146 lectione

156 3191 294 3250 Saraceni
313 3191 451 3264 animati,
474 3200 542 3250 ante
559 3188 723 3252 triennium
745 3209 813 3248 cum
832 3189 969 3249 Mannele
990 3190 1139 3267 Patricio,
1160 3190 1250 3250 Nice-

155 3289 245 3370 phori
258 3301 380 3372 nepote,
401 3293 488 3352 iuxta
512 3293 642 3372 Scyllam
662 3299 692 3349 et
714 3289 895 3372 Charybdim
910 3291 943 3350 in
958 3293 1034 3352 mari
1046 3291 1162 3367 Siculo,
1184 3291 1250 3350 bel·
1314 3331 1318 3339 -

155 3392 219 3452 lum
235 3404 360 3474 parent3
383 3395 470 3454 cuiue
490 3395 648 3454 immensae
670 3391 772 3472 copiae
794 3415 864 3454 cum
885 3393 1131 3476 prostraviaeent,
1151 3393 1250 3473 ipeum

156 3495 461 3574 comprehenderunt,
491 3498 648 3578 capiteque
672 3505 816 3556 truncum
833 3491 878 3576 ⁸²)
907 3495 1136 3576 enapendcnmt:
1164 3494 1250 3554 cuiue

155 3596 269 3656 eoelum
285 3607 315 3658 et
327 3599 560 3659 commilitonem
575 3619 644 3658 eum
657 3608 815 3678 caperent,
837 3599 890 3679 qui
902 3599 1037 3660 neutriue
1050 3606 1114 3658 erat
1126 3596 1249 3675 generis,

156 3697 292 3758 occidere
312 3710 385 3760 aunt
407 3699 576 3779 dedignati,
599 3700 651 3760 aed
672 3700 809 3760 vinctum
830 3723 866 3762 ac
887 3703 977 3780 longa
1000 3699 1134 3762 custodia
1154 3717 1252 3756 mace-

154 3808 253 3865 ratum
271 3801 348 3861 tanti
364 3801 582 3874 vendiderunt,
604 3801 707 3881 quanti
727 3821 785 3860 nec
804 3803 903 3862 ullum
916 3802 1089 3863 huiuamodi
1108 3801 1279 3865 mortaleac

154 3900 220 3960 aeni
241 3902 347 3982 capitio
366 3913 505 3964 emerent
548 3903 609 3962 Nec
630 3901 792 3962 infirmiori
813 3904 932 3982 auimo,
959 3903 1061 3964 eadem
1083 3900 1251 3964 confirmati

152 4001 292 4081 lectione,
313 4003 396 4065 haud
409 4007 505 4066 multo
517 4015 587 4087 poet
601 4005 740 4086 Magistro
754 4004 964 4068 Euarchontae
978 4015 1151 4085 occurrunt,
1164 4023 1250 4086 quem

189 4200 240 4270 tl)
255 4200 329 4262 nort
346 4219 428 4259 eme.
450 4203 528 4260 Gan·
598 4203 647 4276 82)
664 4203 736 4260 Fert.
753 4211 909 4264 tamum.
931 4159 1013 4262 lien
