2959 4850
414 321 463 392 ru
491 321 734 397 rueooosn
763 326 995 402 sonosses.
1167 322 1259 422 ,σοι

156 481 292 541 emitote.
334 479 385 541 Ita
403 483 483 540 enirn
500 479 723 542 attendentibne
736 482 828 544 eald«
844 507 963 566 parva,
983 501 1013 548 et
1030 491 1150 550 nullius
1161 497 1265 570 pretii·

155 563 342 624 videbuntur
358 587 410 643 ea,
433 587 512 646 quae
527 589 581 648 ego
601 571 762 632 mentitum
782 591 845 629 esse
862 569 975 634 diuam.
1016 575 1097 634 Sunt
1112 579 1190 635 enirn
1205 600 1257 638 re·-

153 669 229 708 vera
247 649 387 709 bumana
408 649 582 728 mendacia,
607 664 635 711 st
647 653 737 714 valde
756 654 931 734 medibilia,
952 659 983 717 si
998 662 1193 736 conferantur
1210 662 1258 725 nd

153 753 207 809 ea,
229 755 310 814 quae
326 733 363 793 de
378 733 486 796 duna
507 748 597 816 atque
610 741 757 802 immenoa
770 753 887 800 notura
898 746 1043 802 meruitne
1057 755 1111 808 eet.

238 833 290 902 24.
313 838 525 920 Ποοπυργλοας
543 829 667 920 δόμους]
689 839 744 901 His
756 841 854 901 verbis
873 853 958 904 notet
969 850 1060 926 poete
1076 844 1248 922 Homerum,
1265 859 1297 913 Ρ.
1312 859 1365 916 378

153 917 207 996 qui
221 919 343 978 Troiam
360 916 514 1002 εὔσαλγεού,
531 923 600 981 bene
614 937 779 997 moratam,
801 935 832 986 et
846 921 1013 1009 ιιῖδμήτους
1024 924 1168 1012 πύργους,
1182 931 1251 992 bene
1267 928 1323 984 0⁴³1·
1337 933 1353 987 l

152 1000 337 1082 aedificatae
362 1017 462 1065 turree
480 1011 718 1090 frequenterque
743 1009 910 1091 dispositas
933 1014 1108 1093 habentem,
1136 1017 1252 1097 ssepius

152 1084 187 1144 iu
201 1086 297 1148 Iliade
312 1109 418 1150 vocure
433 1093 518 1154 solet.

236 1195 288 1256 27.
317 1187 512 1274 Ψιυσμάιοιο]
535 1194 688 1256 Cornelius
710 1191 1017 1277 aditomnium,
1037 1198 1089 1261 sed
1110 1200 1250 1263 edorum
1278 1265 1282 1273 ,

151 1271 276 1355 paginae
290 1276 427 1335 mendum
443 1277 476 1337 in
492 1297 525 1338 ee
540 1298 615 1340 voce
633 1280 728 1340 letone
743 1282 882 1343 advertit.

236 1380 288 1442 29.
307 1370 385 1440 ’rut'
405 1371 430 1441 oi
446 1385 617 1462 στρατηγῶν
638 1378 798 1462 ὄκρασήρ]
818 1385 886 1443 Nou
896 1383 1076 1463 ineleganter
1094 1385 1247 1447 adsimile-

151 1468 204 1519 tur
222 1459 368 1522 Homerus
391 1466 514 1542 crateri,
543 1467 577 1524 in
603 1486 662 1545 quo
685 1465 810 1526 humilio
831 1469 1012 1547 Graecorum
1033 1471 1149 1530 Ducum
1168 1473 1248 1532 fecta

152 1544 322 1604 cumulatio
344 1567 379 1606 eo
404 1549 541 1608 fastuosis
563 1552 663 1610 verbis
684 1551 851 1612 miscentur
872 1563 902 1612 et
924 1555 1183 1635 adtemperantur,
1210 1576 1247 1615 eo

149 1630 256 1706 modo,
278 1651 339 1710 quo
355 1633 388 1691 in
403 1643 517 1694 cratere
531 1634 639 1694 vinum
653 1656 721 1700 eum
741 1657 819 1716 nque
834 1638 947 1696 solebst
957 1639 1125 1720 temperari.
1165 1640 1247 1700 sudi
1278 1706 1280 1711 ,

150 1713 374 1776 Phsvorinum:
397 1715 520 1799 Κραιήρ
534 1715 641 1794 σκεῦός
655 1745 699 1798 τι,
722 1719 755 1782 ἔν
772 1713 796 1806 ᾧ
813 1718 863 1783 ebo
878 1717 964 1785 οἶνον
987 1724 1019 1786 oi
1037 1721 1158 1786 παλαιοὶ
1178 1748 1246 1806 κιρ-

149 1803 260 1874 νοῖντες
269 1793 367 1878 ir'bots,
382 1801 412 1878 ἐξ
428 1797 522 1867 αὐτοῦ
536 1803 639 1867 ἔπινον
652 1801 863 1886 λαμβάνοντες.
892 1807 997 1866 Crater
1010 1829 1066 1869 nas
1078 1806 1244 1891 quoddam,

151 1887 185 1942 in
210 1905 269 1964 quo
291 1889 396 1946 vinum
411 1909 480 1948 oum
501 1910 588 1970 aqua
609 1892 732 1971 antiqui
753 1891 937 1971 miscebant,
962 1914 997 1955 ex
1018 1915 1078 1974 qao
1096 1905 1245 1954 eumentes

150 1969 299 2029 bibebant.

232 2057 284 2122 32.
302 2053 353 2130 Ὡς
367 2051 453 2139 ζογός
470 2055 578 2141 γενοῦ]
600 2057 746 2118 Ultimum
760 2057 851 2118 huius
869 2078 972 2120 versus
986 2059 1110 2120 verbum
1124 2061 1242 2121 deside-

148 2147 235 2199 retur
256 2139 290 2198 in
310 2141 438 2201 editione
459 2143 606 2220 Cornelii,
636 2143 776 2222 quoniam
794 2143 828 2203 in
848 2143 958 2203 Codice
979 2164 1013 2204 eo
1031 2143 1093 2203 loci
1111 2147 1242 2206 maximo
1327 2209 1331 2217 ,

148 2224 322 2304 sbsnmp'to,
343 2226 397 2286 vix
409 2226 507 2286 ullum
520 2227 583 2287 eius
595 2229 754 2306 vestigium
767 2237 908 2308 superest.
949 2229 1010 2287 Nos
1024 2238 1121 2288 temen
1135 2249 1240 2310 super.

148 2309 269 2368 stitibus
283 2309 391 2370 litteris
406 2309 582 2393 diligenter,
602 2321 637 2376 ut
656 2313 829 2398 potuimus,
852 2312 1011 2397 inspectio,
1032 2317 1173 2396 σταθμοῦ
1190 2333 1239 2374 re·

147 2393 222 2475 poni
232 2415 320 2475 posse
334 2397 513 2461 censuimus.
1144 2456 1150 2467 ,

233 2498 285 2565 46.
307 2502 439 2573 Πολλοῖς
450 2499 579 2581 ταχείαις
591 2494 710 2581 tudes]
726 2498 929 2581 Nicephorum
943 2499 1036 2559 olesse
1050 2498 1122 2558 setis
1134 2518 1241 2577 mogon

98 2608 102 2617 ·
150 2593 322 2665 comparate
345 2584 506 2645 exereitum
527 2586 643 2647 Cretam
660 2586 836 2663 adduxisse,
856 2604 926 2645 rum
942 2584 1009 2643 eliis
1024 2584 1144 2643 Graecis
1159 2583 1238 2643 seri-

147 2669 284 2747 ptoribus
304 2667 487 2730 Theodosius
509 2668 562 2729 hio
582 2679 801 2731 commemorat.
853 2669 964 2729 Herum
986 2667 1108 2728 nouum
1129 2688 1238 2728 uume-

147 2772 217 2812 rum
230 2754 402 2831 diligentius
416 2754 591 2834 perstringit
602 2754 738 2817 incertae
756 2754 951 2815 Continuetor
966 2752 1162 2833 Theophanis,
1185 2772 1238 2813 su·
1284 2782 1290 2793 ·

148 2846 224 2912 otor,
246 2846 280 2897 ut
294 2838 444 2915 creditur,
464 2859 598 2917 coaevus,
620 2841 652 2900 in
667 2840 792 2900 Romani
806 2839 933 2899 iunioris
943 2837 1006 2907 vite
1019 2857 1102 2897 num.
1118 2839 1156 2900 X.
1171 2856 1237 2917 peg.

147 2926 219 2987 297.
240 2920 323 2982 hisee
336 2923 452 2986 verbine
472 2928 544 3003 νῆες
562 2920 620 3007 γαρ
633 2922 771 3007 ὑπῆρχον
786 2920 857 3004 μετὰ
872 2922 970 3004 ὑγροῦ
982 2918 1076 3005 πυρὰς
1088 2922 1237 3010 δισχίλιαι,

147 2999 297 3087 δρόμωνες
309 3008 411 3089 gideon,
433 3004 562 3090 ααβάρια
577 3006 733 3091 ιιαμαιηριλ
752 3004 883 3088 σιτήσεις
898 3006 1002 3087 &oren
1021 3007 1073 3069 ιιαλ
1092 3002 1169 3069 ὅπλα
1181 3028 1236 3068 no·
1328 3046 1333 3055 ·

146 3088 253 3169 λεμιιιᾶ
275 3085 430 3173 τριακόσια
445 3088 526 3157 insti.
571 3096 672 3153 Navee
692 3104 777 3151 erant
797 3096 867 3172 igne
881 3092 995 3151 Graeco
1010 3094 1176 3150 irretractae
1189 3090 1237 3149 bis
1293 3128 1297 3136 ·

148 3177 247 3253 mille,
268 3178 377 3237 eeloeeo
395 3178 491 3256 mille,
512 3178 637 3237 oarabia
653 3180 793 3238 oneraria
807 3193 944 3236 annonae
963 3197 1110 3255 annaque
1129 3174 1238 3233 bellioo

148 3261 341 3321 convenentia
352 3274 459 3341 septem
475 3284 569 3341 euprn
583 3274 720 3323 trecenta.
762 3263 867 3323 Perem
880 3260 1004 3321 nuvium
1015 3280 1171 3323 numerum
1184 3279 1238 3321 re-

149 3356 250 3407 censet
271 3347 360 3407 etiem
379 3348 497 3407 Simeon
516 3348 669 3427 Magister,
692 3356 723 3408 et
736 3344 900 3426 Logothete
922 3347 955 3407 in
968 3347 1101 3407 Romano
1114 3345 1237 3405 luniore

147 3450 231 3491 num.
249 3432 288 3491 ll.
308 3452 375 3513 peg.
398 3433 469 3499 498.
490 3435 524 3491 in
547 3454 640 3514 eoque
656 3433 719 3493 solo
736 3432 855 3513 differt,
879 3432 962 3513 quod
979 3451 1071 3502 neves
1085 3428 1235 3491 onerarias

146 3536 243 3595 usque
265 3515 304 3576 sd
323 3526 470 3577 treoentns
484 3518 636 3599 sexaginte
650 3529 747 3597 auget.
884 3576 892 3591 ,
1174 3571 1176 3574 .

232 3620 283 3687 61.
294 3615 422 3699 Ἐσσησε
437 3615 492 3695 τὰς
506 3615 671 3703 φάλαγγας]
691 3618 854 3701 Nicephori
866 3614 985 3677 solertis
1004 3634 1040 3674 se
1062 3612 1170 3710 peritia
1189 3613 1238 3710 roi

147 3702 271 3763 bellicae
285 3702 333 3763 his
353 3703 486 3765 versibus
505 3708 747 3781 commendetur,
770 3704 1003 3784 quipostqusm
1022 3707 1185 3759 exereitum
1202 3716 1238 3755 ιιι

149 3789 266 3847 Cretum
281 3788 394 3865 eduxit,
409 3789 517 3850 milites
529 3790 687 3851 ordinatim
698 3788 855 3868 disposuit,
864 3807 900 3845 se
912 3785 945 3844 in
956 3805 1009 3845 suo
1020 3802 1153 3864 quosque
1166 3781 1236 3841 loco

147 3882 227 3933 sture
235 3872 332 3949 iussit,
345 3894 382 3933 ne
398 3874 474 3933 forte
487 3875 641 3955 inopinato
653 3872 822 3951 eggressieb
829 3869 971 3951 Agenoris
980 3868 1237 3949 opprimerenturs

149 3956 232 4037 quod
253 3957 337 4018 leudi
349 3958 438 4019 etism
452 3959 620 4041 Nicephoro
641 3959 750 4022 tribuit
763 3958 881 4018 Simeon
895 3954 1031 4033 Magister
1048 3953 1082 4013 in
1103 3952 1237 4013 Romano

146 4042 268 4103 Iuniore
286 4062 370 4104 num.
395 4043 433 4105 ΙΙ.
453 4064 518 4123 peg-
540 4046 611 4112 498·
630 4043 673 4105 ite
693 4044 842 4104 scribens:
862 4036 991 4120 Ἀιιάοας
1006 4030 1063 4102 obn
1076 4042 1132 4118 τῆς
1148 4039 1239 4135 βασι·
1294 4080 1300 4087 -

148 4128 231 4201 λίθος
248 4123 426 4209 Νικηφόρος
440 4127 456 4193 b
471 4126 659 4213 Δομεστιιιος,
679 4128 729 4191 ιιαλ
743 4125 780 4190 τὰ
799 4123 919 4212 eripete
931 4120 1116 4205 καταλαβών,
1130 4122 1240 4205 bopon-

148 4216 244 4291 τιζεν,
266 4208 380 4285 inuri
398 4209 517 4295 σύμπας
538 4210 637 4289 στόλος
653 4208 736 4297 αὐτῷ
748 4212 798 4277 tot
810 4209 844 4277 sb
863 4205 935 4275 oieb
951 4210 1014 4287 εἴη,
1034 4206 1085 4271 nai
1103 4224 1240 4288 προσορ-

150 4299 272 4382 μλζοιιο.
323 4298 446 4361 Solem
468 4302 573 4385 itaque
591 4300 745 4381 Byzantio
766 4297 956 4379 Nmptorue
976 4296 1184 4371 Demeatione,
1214 4298 1242 4347 ct
