2959 4850
230 284 306 361 eso
408 256 663 357 'excreare
681 283 744 351 ax
762 280 931 351 meroe
951 278 1134 349 marcu

230 450 343 529 evasit,
362 448 465 531 copiae
478 454 577 507 autem
602 442 665 505 eiua
694 443 812 523 iugatae
840 449 928 516 sunt,
948 439 1052 499 multis
1076 458 1116 499 ex
1143 440 1319 502 satellitibus

231 554 434 617 Seiieddeulae
456 545 633 613 allomeris
653 546 757 627 ceptis.
804 542 918 605 Deinde
934 542 1100 623 Imperator
1115 541 1322 603 Romanorum

231 652 618 724 lluhrra-Aluohmanam
636 646 761 709 adortus
780 655 840 724 est,
869 644 1041 726 oppidoque
1056 644 1186 723 potitus,
1216 645 1322 705 senum

180 786 184 794 ·
211 812 215 827 ,
232 760 396 823 maximum
410 766 440 817 et
456 754 599 816 maiorem
618 749 823 812 aedificiorum
840 757 959 831 partem
976 746 1056 807 dirui
1071 745 1166 809 instit.
1207 749 1323 811 Eodem

231 862 322 925 modo
340 862 373 923 in
393 854 719 922 naama-numnam
737 850 903 928 coemebat,
928 850 1009 912 ritae
1028 859 1128 909 tamen
1146 849 1321 928 incolarum,

232 984 361 1047 quorum
373 964 451 1025 MCC
462 968 562 1037 erant,
582 954 727 1039 pepercit,
749 973 858 1033 eoaque
875 952 910 1013 in
923 954 1067 1014 ditionem
1086 954 1250 1013 itomanam
1270 974 1323 1013 ca-

231 1067 333 1149 ptivos
354 1063 543 1128 abducendos
562 1060 689 1122 curavit.
730 1058 809 1117 Tum
822 1076 974 1137 aggressus
997 1065 1045 1119 eet
1063 1056 1269 1119 Caierthabam
1293 1064 1324 1117 et

233 1167 435 1243 Schaiasram,
462 1164 546 1225 carius
565 1163 712 1244 templum
734 1159 913 1239 combussit,
941 1180 1040 1241 neque
1060 1160 1149 1221 aliter
1166 1161 1324 1225 namnum

232 1268 391 1347 tractavit3
419 1266 526 1327 Himaa
544 1265 653 1328 deinde
672 1273 856 1346 expugnata,
885 1284 986 1324 omnes
1004 1263 1058 1344 qui
1076 1283 1111 1324 eo
1127 1265 1324 1343 confugerant

233 1372 368 1453 captivos
388 1368 467 1429 lecit.
508 1369 586 1429 Tum
602 1368 730 1429 Ircotom
743 1368 945 1449 impugnavit,
967 1387 1024 1447 qua
1041 1366 1117 1426 urhe
1134 1376 1222 1447 capta
1239 1366 1325 1428 inco-

232 1472 334 1554 lisque
342 1473 375 1532 in
387 1470 591 1552 captivitatem
604 1470 746 1547 redactis,
767 1469 806 1530 ed
818 1469 956 1551 Tripolin
970 1488 1063 1548 usque
1076 1488 1251 1549 progressus
1263 1478 1323 1543 este

234 1574 288 1636 sed
299 1594 392 1655 quum
401 1572 538 1649 vidisset,
560 1573 701 1633 suburbia
715 1573 753 1633 rb
764 1572 946 1633 incolis‘iam
957 1571 1049 1633 fuisse
1063 1570 1233 1649 combusta,
1254 1572 1325 1652 llje·

235 1676 332 1738 balam
350 1695 381 1736 ae
401 1675 566 1751 convertit,
595 1694 654 1754 qua
675 1675 807 1756 potitus,
834 1674 1010 1735 Laodiceam
1033 1674 1130 1733 duxit.
1178 1675 1327 1736 Convenit

235 1798 305 1840 eum
330 1776 420 1847 Abu'l
433 1810 451 1823 ·
463 1776 610 1837 Roscium
640 1774 1326 1852 eli-em-lbrahim-tten-lumf-Altmatz,

236 1880 360 1961 quicum
381 1878 549 1961 pactionem
569 1878 641 1939 fecit
662 1898 695 1939 ea
714 1878 900 1954 conditione,
927 1886 965 1937 ut
985 1876 1102 1936 obsides
1120 1897 1159 1937 ex
1174 1878 1250 1938 urhe
1270 1878 1327 1939 eibi

236 1982 445 2060 truderentur,
473 1980 600 2041 asseruit
619 1990 717 2041 autem
738 1980 809 2057 ille,
830 1978 1067 2060 imperatorius
1089 1998 1152 2039 ease
1170 1989 1327 2059 cognanum

237 2093 269 2145 et
284 2104 377 2164 quum
391 2084 543 2143 Romanus
568 2082 694 2143 maiores
714 2084 777 2143 eius
794 2081 976 2161 agnovisset,
997 2081 1181 2161 Serdeghum
1198 2076 1328 2165 (Strate-

237 2182 321 2271 gum)
343 2208 410 2247 eum
432 2185 561 2262 creavit;
582 2184 640 2245 hoc
655 2186 756 2265 itaque
769 2184 886 2247 ratione
898 2184 1064 2245 incolumes
1079 2193 1238 2245 emerunt
1249 2186 1328 2246 Lao·

237 2290 338 2351 diceae
354 2288 477 2349 incolae.
518 2288 594 2349 Inde
608 2287 801 2349 Antiochiam
819 2288 933 2347 ducens
949 2287 982 2347 in
999 2294 1145 2368 potestate
1162 2308 1217 2347 sua
1230 2290 1330 2348 tenuit

238 2396 374 2465 100,000
394 2390 598 2473 captivorum,
621 2410 794 2472 puerorum,
813 2390 991 2472 puellarum,
1012 2390 1231 2469 iuvenumque,
1258 2408 1328 2449 nam

236 2491 293 2553 hos
309 2494 389 2554 soloe
409 2493 542 2574 captivos
563 2493 690 2569 iecerat,
713 2492 787 2553 viria
802 2501 835 2552 et
846 2493 984 2552 foeminis
997 2491 1197 2572 provectioris
1213 2491 1326 2568 aetatis,

239 2603 326 2674 atque
342 2594 460 2656 retribue
473 2603 524 2654 out
535 2593 700 2654 intersectis
712 2601 766 2653 aut
780 2591 920 2654 dimissis.
962 2595 1082 2654 Dicitur
1094 2593 1216 2654 omnino
1226 2595 1258 2654 iu
1270 2593 1329 2653 hac

238 2697 427 2778 expeditione
451 2701 491 2763 18
513 2695 654 2774 suggestis
671 2691 703 2774 *)
730 2695 847 2775 potitus
866 2715 947 2772 ease,
977 2695 1113 2757 vicorum
1132 2706 1232 2757 autem
1253 2717 1329 2778 quos

239 2797 365 2881 diripuit
376 2810 406 2859 et
421 2797 597 2874 combussit,
619 2817 761 2858 numerus
775 2797 894 2858 deliniri
904 2799 1018 2879 nequit

321 2901 433 2966 Castris
457 2907 525 2960 ente
542 2897 731 2961 Antiochiam
748 2898 870 2980 positio,
890 2920 987 2982 neque
1001 2921 1072 2964 cum
1086 2903 1195 2966 incolis
1208 2923 1330 2964 manum

238 3002 406 3080 conseruit,
427 3021 522 3082 neque
541 3001 662 3062 omnino
684 3001 812 3082 legatum
829 3003 869 3063 ad
888 3023 939 3065 eos
953 3005 1048 3081 misit,
1069 3007 1123 3067 sed
1144 3003 1330 3067 castellone

237 3105 357 3183 regione
365 3103 541 3164 Antiochiae
554 3103 716 3181 uemuxit,
728 3107 816 3186 eique
828 3105 1180 3188 praeposuitllichadlem
1190 3105 1330 3182 Albordjl

239 3204 435 3288 (Burman),
466 3205 552 3266 cuiue
574 3206 657 3267 dieto
685 3206 839 3268 audientes
860 3227 924 3269 esee
942 3210 1014 3270 iussi
1036 3221 1110 3272 aunt
1126 3211 1216 3271 duces
1240 3207 1331 3269 limi-

238 3307 327 3368 tanei.
377 3307 478 3382 Quum
500 3327 604 3368 rumor
625 3309 704 3370 iuter
726 3307 864 3372 homines
892 3311 1125 3392 percrebuisset,
1152 3311 1186 3373 id
1212 3311 1332 3373 consilii

237 3403 372 3471 Romano
393 3429 473 3486 esse,
494 3418 528 3468 ut
551 3416 646 3469 totam
668 3409 795 3472 hiemem
815 3412 1006 3474 Antiochiam
1026 3415 1182 3476 obsidione
1201 3415 1331 3475 cinctam

238 3520 368 3590 teneret,
389 3511 521 3592 aliasque
535 3510 667 3572 mitteret
680 3513 782 3595 copias
794 3512 940 3575 Halehum
952 3527 1175 3597 oppugnatum,
1195 3517 1332 3596 Karghu-

238 3611 289 3694 jah
309 3613 551 3674 Saehdeddaulae
563 3608 614 3694 **)
635 3617 796 3695 persuasit,
817 3628 852 3678 ut
867 3617 1016 3678 Halehum
1027 3616 1226 3698 relinqueret,
1246 3640 1285 3679 ne
1299 3619 1332 3680 iu

238 3715 312 3775 urbe
335 3714 529 3777 obsideretur.
579 3716 591 3793 (
598 3717 706 3778 Narrat
728 3717 837 3780 deinde
857 3730 978 3797 auctor,
1008 3718 1251 3801 Karghujahum,
1280 3720 1334 3801 qui

238 3815 397 3896 Hadjibue‚
419 3817 440 3878 i.
459 3839 485 3882 e.
506 3839 603 3880 comeo
623 3821 729 3901 palatii
751 3821 996 3884 Saehdaddaulee
1014 3833 1096 3899 erat,
1118 3843 1263 3882 summam
1280 3841 1334 3881 re-

178 3939 184 3952 ·
238 3935 305 3976 rum
320 3917 530 3982 Hulebensium
551 3922 608 3982 sibi
631 3945 802 4004 arrogasse,
823 3924 983 4005 urhemque
999 3922 1162 3999 Halehum,
1185 3945 1254 3985 arce
1277 3943 1333 3984 ex-

239 4027 360 4097 structa,
385 4024 539 4104 murisque
554 4025 693 4100 relectis,
719 4025 891 4103 munivisse,
914 4027 996 4086 socio
1012 4027 1096 4106 regui
1108 4029 1189 4087 facto
1200 4025 1333 4105 Becdju-

239 4141 291 4198 ro,
314 4123 362 4183 cui
387 4144 494 4186 nomen
510 4124 611 4200 ,amni
632 4127 762 4188 iuditum
785 4128 841 4202 sit3
872 4128 1082 4212 imperatorem
1102 4138 1203 4189 autem
1223 4117 1336 4227 Roma-⁸

271 4273 1046 4432 tenuemturismundus.
1064 4351 1096 4402 a.
