2959 4850
148 333 150 340 ,
246 281 378 328 mum
407 267 1112 339 n.cAN18111³RAEFnT.ADLu1TPn.
1134 268 1295 341 LEGAT.

247 429 331 512 poris
352 428 508 490 diversitas
528 448 591 488 non
614 406 719 488 obelet.
761 427 800 486 Et
817 389 901 486 l'orte¹
911 427 937 487 si
958 427 1136 508 Luitprnndi
1148 427 1219 508 libri
1232 428 1341 507 integri
1421 428 1424 436 '

248 541 391 610 extarent,
413 531 612 592 inveniremus
624 549 687 588 non
701 528 800 587 minus
813 529 1009 609 posteriorem
1023 529 1078 588 sub
1095 531 1205 596 Ottons
1217 531 1341 609 legatio-

246 653 326 712 nem,
342 653 430 714 qusm
442 633 524 693 illem
539 632 668 712 priorem
680 631 736 690 sub
748 630 941 710 Berengsri03
955 651 1011 690 nec
1025 631 1190 694 dubitarem
1205 655 1261 715 pro
1277 655 1340 696 cer.

246 745 279 796 to
303 745 333 795 et
348 735 503 816 explorato
524 733 689 810 offirmare,
710 731 771 792 nisi
782 733 847 813 ipse
861 732 1061 811 Luitprnndus
1076 737 1251 816 scrupulum
1265 736 1341 796 inii-

87 841 93 854 '
117 883 120 894 .
248 847 345 914 ocret,
369 838 422 919 qui
441 837 493 897 lib.
515 835 564 898 Vl.
587 855 651 915 esp.
668 839 697 901 6.
719 835 900 894 mentionem
925 836 999 895 fecit
1018 835 1196 918 Luitprsndi
1214 840 1340 898 Cremo—

246 938 346 999 nensis
361 939 517 1020 Episcopi,
540 959 663 1016 eumque
678 937 743 1014 sit,
765 957 833 997 cum
847 936 1023 998 Lendoordo
1036 939 1170 1015 Saxone,
1189 940 1340 1022 Episcopo

245 1040 433 1118 Numedensi,
446 1042 484 1101 sb
494 1042 603 1101 Ottone
611 1041 716 1120 Magno
724 1041 850 1099 Romam
862 1039 984 1101 missum
997 1061 1058 1102 esse
1066 1043 1105 1102 od
1114 1043 1253 1104 loannem
1261 1045 1340 1104 Pon·

245 1142 372 1204 filicem:
394 1155 424 1204 et
435 1145 468 1203 in
483 1144 616 1204 Concilio
631 1143 740 1203 Romae
750 1142 783 1201 in
798 1164 887 1203 causa
899 1143 1032 1203 eiusdem
1048 1144 1168 1204 Ioannis
1182 1145 1339 1226 celebrsto,

248 1265 316 1305 cum
332 1247 405 1306 Otto
417 1248 540 1308 Romam
556 1254 743 1327 occupasset,
764 1247 865 1326 fugato
884 1246 994 1307 loonne
1015 1255 1047 1306 et
1060 1244 1239 1326 Adelberto,
1259 1247 1338 1308 inter
1356 1264 1359 1269 ’
1393 1295 1398 1308 .

245 1346 409 1428 Episcopos
434 1349 552 1428 ltaliae,
582 1348 634 1429 qui
651 1347 785 1408 Concilio
813 1345 1031 1426 interluerunt,
1060 1359 1235 1410 numeretur
1252 1350 1341 1409 Luit-

244 1449 377 1529 prandus
399 1451 564 1532 Episcopus
580 1451 800 1526 Cremonensis,
823 1451 875 1531 qui
894 1460 924 1511 et
943 1451 1074 1512 eiusdem
1091 1451 1209 1528 Ottonis
1228 1451 1261 1510 in
1285 1472 1340 1511 eo-

172 1557 173 1563 ’
245 1549 313 1610 clem
327 1562 478 1612 conventu
493 1554 639 1632 interpres
652 1554 722 1614 suit:
744 1575 814 1613 nam
837 1574 912 1634 quse
927 1557 998 1615 ono
1010 1555 1158 1613 Saronico
1173 1552 1274 1632 lingue
1290 1553 1340 1612 lo-

244 1652 400 1730 quebatur,
416 1653 696 1736 hseoLuitprenslus
712 1656 918 1718 Cremonensis
934 1657 1102 1737 Episcopus
1117 1655 1221 1714 Latine
1236 1655 1341 1716 redde.

243 1753 296 1816 bst
321 1757 425 1818 ceteris
450 1759 613 1839 Episcopis.
655 1757 756 1835 Adeo,
784 1758 894 1820 utrix
916 1759 1059 1820 credibile
1078 1757 1231 1836 videatur,
1250 1757 1340 1817 Luit·

245 1841 393 1938 prsndum
406 1858 588 1924 Histoi-icum
602 1861 638 1922 de
651 1881 682 1922 se
695 1861 779 1940 qussi
794 1861 831 1921 de
843 1861 903 1922 elio
916 1863 1087 1923 locuturum
1101 1860 1202 1938 fuisse,
1223 1860 1338 1940 sijpso-

243 1969 305 2019 met
325 1941 544 2024 suissetscum
568 1965 658 2043 longo
673 1963 842 2023 minutiora
878 1963 916 2025 de
932 1985 965 2028 so
985 1966 1134 2047 rebusque
1158 1983 1227 2026 sse
1248 1965 1339 2044 gestis

242 2053 353 2148 ubsque
371 2067 538 2148 smbsgibus
552 2086 784 2128 commemorare
802 2067 904 2132 soleat.
