2959 4850
250 296 325 378 528
394 335 398 340 ·
446 312 485 382 Ν.
505 312 553 388 M·
572 307 773 382 FOGGINII
791 247 1137 384 auuorurlonas

331 467 364 537 4.
386 467 448 534 nrt
461 467 529 550 περὶ
543 473 599 550 τῆς
610 473 666 536 τοῦ
682 467 800 533 Χαλέιιε
814 469 882 550 etc]
905 469 1048 531 contecto
1064 471 1183 532 Cretico
1195 470 1278 533 hello
1295 470 1352 533 Ni·

251 553 417 635 cephorum
443 555 483 616 ad
498 555 621 636 Chelepi
647 556 896 636 expugnationem
919 576 951 615 se
962 556 1127 616 contulisse
1140 558 1275 619 omnium
1287 558 1351 616 Hi-

250 641 431 702 sturicorum
451 661 599 702 consensu
617 651 731 702 certum
753 651 813 714 ειη
837 651 867 700 et
880 639 960 700 haue
972 641 1193 722 expeditionem
1205 643 1278 702 dum
1294 643 1350 705 ina

249 737 378 806 gereret,
400 727 551 787 Romanus
573 725 657 788 obiit.
698 726 804 806 ltaque
827 747 896 786 cum
909 725 1073 807 Chalepum
1095 737 1307 808 expugnasset,
1328 747 1350 787 a

250 810 473 892 Theophanem
494 813 628 890 Augusta
649 811 778 872 Romani
794 831 891 888 uxore
910 821 1066 872 revocatus
1077 821 1122 870 est
1134 812 1350 872 Constantino-

249 897 353 978 polim,
375 897 426 956 ubi
438 899 475 957 de
492 907 619 976 utraque
633 896 770 972 victoria,
793 896 908 958 Cretica
923 916 1031 976 nempe
1042 905 1073 957 ot
1086 895 1270 978 Chalepeusi,
1292 919 1348 958 so·

248 982 376 1041 lemnem
403 982 464 1061 egit
490 980 686 1062 triumphum.
733 980 799 1041 Hae
820 981 977 1041 occasione
995 981 1180 1044 Theodosius
1200 983 1350 1043 Aurenses

249 1086 318 1126 suas
338 1067 506 1150 Nicephoro
526 1067 668 1127 obtulisse
686 1065 827 1144 ridetur,
848 1075 880 1126 et
900 1067 970 1147 quia
991 1068 1349 1128 solummodorictoriam

250 1152 396 1212 Creticam
415 1153 449 1212 in
473 1153 515 1213 eis
537 1153 752 1228 celebraverat,
775 1151 986 1234 Chelepensem
1007 1153 1095 1212 etiarn
1109 1152 1270 1214 victoriam
1287 1153 1349 1212 alio

245 1239 398 1318 poematia
420 1257 451 1298 ae
478 1238 696 1298 celebraturum
717 1238 853 1319 spondet.
895 1237 988 1312 Vide,
1010 1257 1087 1317 quae
1105 1236 1163 1298 hae
1185 1239 1279 1299 dere
1301 1239 1351 1297 su·

248 1321 311 1382 sius
332 1324 364 1382 in
385 1323 498 1383 Monito
518 1323 718 1384 disseruimus.
763 1323 904 1404 [Alepum
922 1323 1055 1401 antiquis
1070 1322 1204 1384 Berroea.
1226 1322 1280 1385 seul
1293 1318 1351 1386 nir

248 1407 369 1471 Λέοντα
390 1406 423 1472 di
443 1405 497 1472 riv
512 1412 624 1471 Φωκᾶν
636 1403 687 1472 τὸν
700 1412 756 1470 τοῦ
771 1403 953 1490 Νικηφόρον
969 1403 1118 1490 ὁμαίμονα
1129 1405 1205 1470 κατὰ
1215 1412 1273 1470 τοῦ
1282 1411 1350 1470 Χο-

248 1495 366 1574 pediu,
389 1489 423 1567 dc
435 1497 493 1556 aori
514 1489 618 1557 Xoilen
637 1486 768 1570 ἐκράτει,
789 1489 963 1573 ὁῬιομανδς
985 1489 1043 1555 orio
1064 1487 1192 1572 δυνάμει
1209 1487 1350 1556 inierea-

248 1583 289 1640 λε.
333 1579 462 1638 Zonaras
481 1579 514 1638 in
531 1578 637 1640 Annal.
659 1577 739 1638 XVI.
772 1578 855 1652 Quid
874 1597 947 1637 vero
962 1575 1014 1636 hie
1029 1577 1067 1636 de
1083 1575 1229 1660 Chalepe,
1252 1598 1350 1659 quum

248 1662 286 1723 de
309 1663 394 1723 Creta
410 1668 501 1742 poeta
518 1672 621 1723 noster
634 1662 796 1722 statuerit?
818 1660 1057 1742 conrnune]
1349 1672 1356 1681 “

332 1753 363 1814 7.
382 1747 433 1821 Ὡς
445 1747 478 1810 ἐν
491 1743 641 1832 προσώπῳ
654 1751 731 1828 γοῦν
746 1747 816 1827 ete]
837 1747 918 1808 llaec
934 1769 968 1807 ea
979 1757 1052 1806 suut
1063 1747 1163 1824 rerba,
1186 1745 1351 1826 exquibus

246 1831 342 1910 liquet
357 1831 553 1891 Theodosium
568 1831 621 1890 hae
638 1834 781 1893 Aeeoases
794 1832 964 1913 Nicephoro
978 1832 1122 1892 obtulisse
1137 1842 1207 1914 post
1219 1831 1351 1892 Romani

247 1917 374 1979 obitum.
418 1917 536 1978 Videris
553 1916 712 1978 lilonitum.
750 1919 904 1978 Cornelius
924 1919 1016 1980 verba
1035 1914 1091 1980 eir
1110 1915 1205 1980 πάλαι
1224 1917 1350 2000 βασιλέα

247 1999 337 2166 disis„
358 2001 455 2062 minus
469 2012 549 2062 recte
569 2002 676 2101 vertit:
698 2014 823 2149 νιρίινιρηρ
842 2015 981 2064 neutrum
1000 2004 1230 2085 Imperatorem,
1252 2021 1350 2084 quum

302 2097 565 2150 unctum·vertere
591 2107 713 2149 omnmo
757 2099 894 2151 enasset.

512 2373 566 2443 IN
587 2373 794 2443 PRIMAM
814 2374 1086 2444 ACROASIM.

338 2512 387 2597 ligi
415 2508 625 2596 φιλανθρώπῳ
646 2514 715 2597 ete]
743 2514 965 2574 Humanistimo
986 2534 1021 2574 ac
1040 2514 1156 2595 potenti
1171 2512 1350 2592 Imperatori

246 2594 376 2672 Romae,
397 2596 530 2658 Romano
555 2598 669 2659 seilicet
690 2600 804 2659 Iuniori
824 2606 929 2678 poema
944 2618 1030 2659 suum
1053 2598 1190 2661 inscribit
1205 2598 1347 2659 Tlreodo-

248 2680 320 2757 sius,
341 2682 500 2760 quiaillud
513 2684 687 2765 perfecerat,
710 2684 783 2743 dum
798 2685 948 2744 Romanus
958 2684 991 2743 in
1008 2685 1085 2745 rivis
1098 2685 1211 2764 egebat,
1233 2694 1263 2743 et
1276 2683 1348 2764 quia

247 2766 377 2825 Romani
406 2766 491 2827 iussu
511 2769 659 2829 Creticum
679 2768 791 2829 bellum
811 2790 828 2827 a
848 2768 1018 2850 Nicephoro
1040 2780 1214 2850 susceptum
1238 2771 1346 2832 sumt.

249 2850 395 2923 Quemvis
409 2863 508 2913 autern
529 2855 670 2914 defuneto
685 2854 745 2914 iam
760 2855 909 2927 llornano,
932 2864 962 2914 et
975 2856 1162 2916 solummodo
1176 2866 1212 2914 ut
1223 2853 1347 2913 blaudi-

246 2944 333 2997 retur
356 2937 526 3017 Nicephoro
547 2940 730 3017 vulgaverit,
751 2938 830 2999 nihil
842 2949 942 2999 tamen
955 2940 988 2999 iu
1001 2940 1064 3000 eius
1075 2938 1273 3022 inscriptione
1285 2939 1347 2998 im·

246 3021 392 3091 mutavit,
414 3023 539 3083 sonuere
560 3046 598 3085 ne
618 3024 871 3105 Theophunonem
883 3026 1009 3085 Romani
1027 3046 1153 3086 uxorem
1171 3024 1346 3099 offenderet,

248 3112 280 3164 et
294 3125 331 3164 ne
342 3114 440 3167 totum
454 3111 637 3187 poemation,
649 3110 683 3169 in
695 3129 756 3189 quo
773 3119 891 3169 exstant
903 3111 1034 3190 plurima
1044 3110 1084 3171 ad
1098 3112 1265 3169 Romanum
1279 3128 1347 3189 spe-

247 3190 378 3267 ctantia,
400 3190 545 3270 refigeret.
588 3196 688 3267 Quare
707 3196 744 3253 de
756 3193 817 3253 hoc
829 3194 1031 3275 Nicephorum
1043 3216 1165 3255 monere
1178 3195 1211 3254 in
1224 3195 1348 3254 Praefa-

246 3272 329 3333 tione
348 3296 411 3335 non
433 3279 647 3356 praetermisit,
670 3298 801 3339 asserens
821 3290 922 3339 tamen
938 3280 977 3339 ad
991 3299 1060 3341 euru
1072 3280 1261 3361 potissimum
1273 3298 1347 3359 spe·

246 3367 328 3505 mure
337 3404 346 3436 ,
368 3380 444 3439 quae
460 3362 493 3421 in
506 3362 654 3443 poematia
671 3364 877 3443 eontinentur,
898 3366 1002 3425 laudea
1015 3366 1193 3449 Imperatori
1208 3366 1344 3426 Romano

245 3463 282 3505 οο
306 3454 377 3506 atus.
456 3490 458 3497 ·

330 3530 414 3591 Ver&
438 3538 468 3599 8.
495 3529 529 3595 ‘0
552 3532 716 3615 Σκηπίων]
746 3534 779 3596 P.
804 3535 976 3596 Cornelium
1000 3534 1172 3617 Scipionem
1200 3532 1344 3612 intellige,

246 3616 309 3693 eui,
330 3626 366 3677 ut
380 3618 479 3697 inquit
490 3618 598 3678 Florus
613 3618 708 3679 liinll.
722 3640 786 3701 cap.
794 3625 826 3687 6.
840 3642 872 3701 p.
884 3628 956 3698 292,
970 3632 1037 3681 earn
1049 3620 1169 3701 grande
1182 3616 1220 3678 de
1229 3620 1346 3698 Africa

246 3720 355 3759 nomen
362 3704 437 3777 fcta
455 3700 653 3764 decreverant.
696 3704 724 3765 Is
742 3706 904 3767 admodum
918 3707 1034 3767 iuvenis
1048 3707 1081 3767 in
1096 3706 1226 3766 Africam
1239 3704 1345 3785 profe-

246 3796 322 3862 ctus,
344 3796 448 3849 contra
463 3788 706 3869 Carthaginenses
718 3792 833 3851 bellum
846 3792 969 3867 indixit,
981 3794 1014 3852 iu
1028 3812 1090 3872 que
1102 3792 1178 3851 adeo
1191 3790 1345 3873 praeclare

244 3890 277 3931 ae
292 3873 390 3950 gessit,
412 3882 445 3935 ut
459 3874 544 3934 brevi
557 3874 765 3955 Carthaginem
777 3877 1002 3957 expugnaverit
1034 3878 1150 3938 Consul
1162 3887 1233 3934 crete
1247 3892 1346 3935 annor

133 3976 139 3989 ·
239 3957 367 4037 fuctus,
388 3958 488 4037 inquit
513 3962 579 4022 Sex.
603 3961 674 4023 hur.
695 3961 800 4021 Victor
813 3962 852 4021 de
869 3963 947 4022 Viris
958 3962 1068 4026 illustr.
1082 3984 1148 4043 cap·
1160 3962 1219 4039 49,
1238 3981 1346 4019 0⁰¹⁸&-

137 4046 194 4102 eot
210 4048 231 4105 2
246 4038 332 4101 dente
362 4044 479 4123 collega
507 4046 541 4102 in
559 4044 705 4121 Africam
726 4048 824 4105 elaeae
844 4050 977 4111 traiecit.
1018 4046 1209 4107 Asdrubalis
1234 4057 1261 4104 et
1285 4048 1346 4121 Sy·-

241 4127 356 4207 placcio
369 4140 474 4187 caetra
490 4148 554 4187 una
566 4142 651 4189 nocte
659 4134 811 4211 perrupit.
854 4134 1043 4194 Res’oeatum
1055 4156 1090 4192 ex
1104 4134 1202 4195 ltalia
1215 4132 1345 4191 Hanni-

248 4211 522 4292 balemeuperarit.
559 4216 657 4274 lunis
671 4217 964 4297 Carthaginemrdue
977 4220 1056 4299 leger
1074 4220 1229 4298 impertiit.
1271 4216 1345 4276 Ideo

248 4302 348 4358 autem
371 4298 457 4359 addit
475 4298 661 4361 Theodosius
680 4310 756 4361 tunc
775 4311 874 4364 totum
887 4302 1073 4385 Carthaginis
1092 4304 1187 4366 robur
1204 4322 1270 4362 nou
1285 4298 1345 4361 ad-
