2959 4850
213 232 290 309 392
414 240 649 313 EXCERPTA
668 238 731 309 Ex
750 238 920 309 HISTOR.
941 240 1124 310 manunt

213 423 284 465 neus
298 410 353 466 est.
393 402 468 465 Dein
484 424 577 483 quum
589 400 770 463 Thorbaaiue
783 398 931 463 Halebum
944 398 1084 477 duceret,
1106 407 1143 459 ut
1161 398 1307 459 auxilium

187 500 190 505 ⁸
213 504 481 587 derretKerghajala
495 515 525 567 et
538 505 694 586 Bsodjmo,
710 504 764 585 qui
773 504 809 563 sb
823 499 1040 563 Abu’lmsahlio
1054 496 1310 584 (Saahdaddauls)

214 608 434 689 oppugnatione
461 607 690 690 premebuntur,
723 602 976 678 Abu'lmaslrlius,
1013 604 1165 669 obsidione
1193 606 1310 683 relicte,

213 710 346 791 primum
365 709 572 790 Chuuszereh,
608 709 715 775 deinde
734 707 873 769 Machina
893 704 1045 765 Cuolrman
1069 706 1225 785 proiectus
1246 718 1308 786 est3

213 810 343 872 Graecos
356 832 428 875 vero
443 813 524 893 cepit
538 813 649 895 cupido
662 811 767 872 Helebi
780 808 990 891 occupandae3
1010 809 1114 867 urbem
1132 809 1233 888 itaque
1246 830 1310 889 op-

212 923 385 994 pugnarunt
399 924 429 974 et
444 936 463 975 a
480 924 567 996 parte
585 914 811 995 septentrionali
827 919 1052 993 expugnarunt;
1074 931 1132 990 quc
1154 913 1234 971 facto
1256 917 1309 971 s'r·
1389 936 1403 958 ·

214 1035 279 1077 cem
293 1014 558 1079 circumsederunt.
599 1018 675 1077 Tum
687 1036 735 1075 res
747 1014 786 1075 ad
799 1014 966 1094 pactionem
978 1013 1077 1089 veuit,
1099 1012 1183 1073 hisce
1203 1014 1310 1074 condi-

212 1116 353 1196 tionibus,
372 1128 408 1179 ut
421 1138 477 1199 pro
491 1138 671 1199 unoquoque
683 1118 831 1192 locorum,
847 1135 1023 1194 magnorum
1034 1124 1122 1194 atque
1135 1136 1307 1196 parvorum,

214 1238 290 1300 quae
302 1230 391 1301 pecto
404 1221 520 1282 inclusa
532 1231 641 1299 essent,
657 1220 825 1279 solveretur
835 1217 982 1277 tributum
996 1217 1120 1293 denarii,
1145 1224 1185 1283 16
1201 1217 1309 1277 drach·

213 1341 277 1381 mas
291 1321 441 1384 lalamicas
449 1324 546 1404 pretio
560 1322 727 1403 sequentis3
750 1330 781 1381 et
790 1330 942 1401 praeterea
954 1340 971 1379 e
983 1320 1154 1398 regionibus
1168 1319 1308 1400 pactione

214 1423 500 1506 comprehendendis
520 1430 656 1505 700,000
670 1423 877 1485 drachmarum
901 1422 1061 1502 quotannis
1076 1422 1217 1483 Romania
1231 1444 1309 1503 peu-

214 1526 362 1591 derentur.
383 1528 479 1589 Urbes
492 1525 591 1603 Bima,
607 1525 767 1608 Dausijjalr,
779 1522 941 1605 Salmijjah
949 1524 1073 1600 Hameh,
1082 1525 1232 1602 Schaiaar,
1248 1526 1308 1585 Ce-

213 1626 339 1711 serthab,
355 1628 514 1710 Assmijjsh
522 1627 685 1711 (Apamea),
701 1624 1002 1700 Maahrra'luohmdu,
1015 1626 1169 1704 Halebuua,
1180 1628 1308 1709 lljeblal·

212 1730 336 1808 sumsk,
356 1730 648 1808 Maahrre-Msarin,
669 1730 846 1808 tenuiora,
867 1728 995 1791 Atsareb
1016 1730 1161 1809 usquead
1181 1729 1309 1789 limitem

213 1831 342 1917 paletiip
358 1834 440 1914 quod
458 1833 629 1895 nuarebum
648 1832 770 1912 attingit
790 1842 822 1893 et
837 1832 958 1891 firmum
973 1841 1115 1909 vocatur,
1137 1831 1216 1914 (tum
1234 1832 1308 1891 uni-

214 1950 300 1995 versa
314 1934 407 2015 regio,
428 1956 503 2017 quae
515 1936 692 2016 porrigitur)
706 1954 800 2015 usquc
813 1935 852 1995 cd
863 1934 973 2012 Arhab,
995 1935 1144 2012 Marasdu,
1161 1931 1307 2015 Cianar,*)

214 2033 378 2118 Barzsjaet
391 2058 546 2120 campum,
567 2038 619 2118 qui
630 2058 725 2119 prope
736 2035 830 2099 Ahfaa
852 2047 915 2109 est,
937 2060 954 2097 e
982 2038 1105 2099 dextera
1117 2045 1203 2117 parte
1224 2036 1316 2096 limi-n

214 2134 266 2197 tis:
288 2138 472 2201 haecomnia
486 2150 716 2221 permanserunt
727 2139 850 2200 domiuo
864 2140 979 2218 Halebi,
1001 2150 1099 2200 cetera
1113 2140 1236 2199 Graecis
1251 2139 1314 2199 sd·-

213 2239 345 2303 iudicata
374 2252 463 2320 sunt,
490 2240 649 2325 (nimirum
668 2252 731 2301 tota
750 2243 872 2322 regio‚)
895 2264 1001 2323 queen
1021 2243 1144 2325 Barzaja
1164 2243 1309 2303 orientem

213 2361 319 2405 versus
334 2346 505 2407 extenditur
524 2366 617 2426 usque
634 2344 672 2404 sd
685 2344 814 2405 fluvium
830 2345 920 2406 Abu·
929 2346 1079 2405 Selaimdn
1092 2356 1123 2405 et
1134 2345 1220 2427 pylas
1230 2346 1308 2402 Suu.

213 2443 263 2522 jab
287 2445 397 2524 dictae,
415 2457 482 2508 tum
501 2448 539 2508 ad
553 2447 732 2526 Nsiudsam,
754 2448 898 2508 Awansm
919 2459 950 2508 et
963 2449 1162 2509 Tel-Hamid
1179 2457 1211 2506 et
1230 2425 1308 2507 dex:-

213 2555 290 2606 trsm
304 2549 424 2632 Sadjuri
436 2552 533 2632 ripam
546 2549 708 2630 etquidem
720 2569 817 2629 usque
829 2550 868 2610 ad
882 2551 999 2612 alveum
1015 2552 1101 2612 fluvii
1108 2597 1117 2628 ‚
1137 2551 1191 2610 ubi
1203 2551 1236 2611 iu
1248 2550 1309 2610 liu·

213 2647 342 2730 phrsten
355 2669 417 2712 sese
431 2663 583 2721 exonerat.
626 2651 745 2712 Ceterae
758 2651 842 2732 pacis
857 2653 1043 2714 conditiones
1056 2652 1112 2713 liae
1127 2655 1227 2714 suere:

296 2752 487 2836 Kargliujah,
516 2755 592 2815 duce
613 2751 741 2840 (Emito)
766 2754 1096 2833 Muhammedanorum,
1123 2757 1177 2836 qui
1199 2757 1232 2815 in
1250 2753 1309 2815 hac

214 2850 357 2934 dignitate
369 2877 543 2937 permanere
559 2858 693 2934 deberet,
714 2868 843 2936 mortuo,
864 2879 913 2920 res
926 2859 1086 2918 tradendas
1102 2879 1163 2919 esse
1177 2859 1309 2940 liacdju-

213 2973 266 3034 ro,
288 2978 347 3038 quo
368 2959 509 3022 defuncto
525 2959 562 3018 ab
579 2960 759 3042 imperatore
776 2963 912 3020 Romano
925 2959 1091 3040 eligendum
1114 2980 1180 3021 esse
1198 2962 1306 3021 ducem

214 3077 251 3117 ex
263 3057 495 3138 incolisHalebi3
517 3063 668 3124 lliuslemis
678 3071 777 3123 autem
784 3082 915 3123 noneste
925 3061 973 3123 ius
988 3061 1120 3122 cuiusvis
1134 3061 1219 3121 ducis
1234 3081 1306 3120 con·

213 3157 365 3218 stituendi.
406 3161 623 3226 ACdrietianis
644 3169 764 3228 nullum
785 3188 840 3249 per
859 3167 973 3228 hancce
992 3165 1136 3229 ditionem
1156 3163 1305 3222 tributum

214 3277 276 3317 ease
295 3260 491 3341 exigendum,
512 3265 550 3324 iis
570 3269 779 3328 tantummodo
805 3269 957 3348 exceptis,
980 3267 1031 3348 qui
1051 3265 1094 3326 ibi
1114 3265 1234 3325 domum
1252 3266 1306 3322 e'ut

213 3360 316 3422 villam
329 3363 528 3444 possiderent3
548 3366 573 3426 si
589 3369 744 3429 adveniret
757 3371 906 3429 exercitus
916 3369 1115 3446 Muelemicus,
1136 3365 1306 3446 expeditio-

213 3483 281 3522 nem
295 3465 328 3525 in
340 3487 449 3530 nomen
456 3470 621 3530 Romanurn
635 3470 780 3547 incursus,
795 3471 1016 3532 defendendum
1027 3491 1090 3531 esse
1103 3491 1122 3527 a
1133 3466 1307 3551 Karglrujslr

212 3563 295 3627 hisce
316 3569 430 3631 verbis:
452 3573 533 3650 „duc
550 3593 606 3654 per
626 3573 697 3633 alias
716 3573 852 3652 regiones
872 3594 908 3634 ac
926 3582 1061 3650 noetrcs3
1081 3591 1122 3630 ue
1140 3570 1236 3630 intres
1257 3569 1306 3628 di-

212 3666 323 3730 tionem
334 3665 526 3753 pactionis''3
546 3675 593 3736 siu
607 3676 669 3735 dux
682 3673 788 3734 harum
803 3676 957 3756 copiarum
972 3673 1056 3735 haud
1070 3681 1198 3755 pareret,
1215 3671 1306 3731 umis

212 3789 273 3830 esse
285 3773 446 3852 petendum
457 3783 487 3836 et
502 3775 533 3836 vi
553 3779 775 3858 repellendum3
796 3779 883 3838 cuius
898 3779 943 3838 nei
960 3777 1008 3836 ein
1025 3776 1126 3836 minus
1137 3775 1217 3856 potis
1229 3783 1307 3835 esset
1376 3802 1379 3809 ·

212 3871 384 3955 Kurghujah
403 3878 483 3956 ipsc,
513 3879 620 3942 litteris
643 3880 795 3940 adeundos
814 3899 876 3938 esse
893 3879 1103 3958 imperatorem
1124 3878 1306 3938 Graecorum

213 3979 243 4032 et
260 3971 472 4054 Thorbasium,
500 3991 535 4040 ut
552 3983 653 4061 copies
676 3981 832 4042 mitterent
844 3979 979 4041 hoatilms
1002 3979 1186 4062 repellendis
1207 3999 1305 4060 pares.

212 4073 244 4134 Si
260 4074 336 4155 quid
351 4079 563 4159 comperissent
576 4082 711 4144 Muslemi
726 4083 765 4144 de
778 4084 911 4142 adventu
923 4082 1020 4162 magui
1029 4083 1180 4144 exercitus
1194 4081 1306 4165 (hosti-

246 4226 386 4366 lffippeep
403 4223 430 4284 in
447 4229 537 4286 codice
551 4231 654 4302 punctis
664 4232 808 4288 diacritids
825 4237 913 4298 uret,
927 4231 1039 4304 ideoque
1055 4231 1173 4290 incestas
1188 4233 1306 4288 msul-
