<?xml version="1.0" encoding="UTF-8"?>
<!DOCTYPE html PUBLIC "-//W3C//DTD XHTML 1.0 Transitional//EN"
    "http://www.w3.org/TR/xhtml1/DTD/xhtml1-transitional.dtd">
<html xmlns="http://www.w3.org/1999/xhtml" xml:lang="en" lang="en">
 <head>
  <title>
</title>
<meta http-equiv="Content-Type" content="text/html;charset=utf-8" />
  <meta name='ocr-system' content='tesseract 3.04.00' />
  <meta name='ocr-capabilities' content='ocr_page ocr_carea ocr_par ocr_line ocrx_word'/>
</head>
<body>
  <div class='ocr_page' id='page_1' title='image "./corpusscriptoru00theogoog/corpusscriptoru00theogoog_0655.png"; bbox 0 0 2959 4850; ppageno 0'>
   <div class='ocr_carea' id='block_1_1' title="bbox 410 222 1240 389">
    <p class='ocr_par' dir='ltr' id='par_1_1' title="bbox 410 222 1240 389">
     <span class='ocr_line' id='line_1_1' title="bbox 410 222 1240 389; baseline -0.01 -29"><span class='ocrx_word' id='word_1_1' title='bbox 410 288 455 360; x_wconf 84' lang='lat' dir='ltr'>u</span> <span class='ocrx_word' id='word_1_2' title='bbox 474 282 717 355; x_wconf 83' lang='lat' dir='ltr'>rnnooosn</span> <span class='ocrx_word' id='word_1_3' title='bbox 736 222 1011 389; x_wconf 50' lang='lat' dir='ltr'>amoassss</span> <span class='ocrx_word' id='word_1_4' title='bbox 1165 273 1240 352; x_wconf 81' lang='lat'>569</span> 
     </span>
    </p>
   </div>
   <div class='ocr_carea' id='block_1_2' title="bbox 143 442 1292 870">
    <p class='ocr_par' dir='ltr' id='par_1_2' title="bbox 143 442 1292 870">
     <span class='ocr_line' id='line_1_2' title="bbox 230 442 1240 527; baseline -0.005 -15"><span class='ocrx_word' id='word_1_5' title='bbox 230 452 284 519; x_wconf 67' lang='lat'>28.</span> <span class='ocrx_word' id='word_1_6' title='bbox 304 448 489 527; x_wconf 68' lang='grc' dir='ltr'><strong><em>Δελεριτόν,</em></strong></span> <span class='ocrx_word' id='word_1_7' title='bbox 511 442 685 527; x_wconf 51' lang='lat' dir='ltr'>delatoriis]</span> <span class='ocrx_word' id='word_1_8' title='bbox 706 444 916 505; x_wconf 85' lang='lat' dir='ltr'>Delemitarum</span> <span class='ocrx_word' id='word_1_9' title='bbox 943 442 1063 505; x_wconf 88' lang='lat' dir='ltr'>nomine</span> <span class='ocrx_word' id='word_1_10' title='bbox 1080 444 1240 507; x_wconf 86' lang='lat' dir='ltr'>Saracenos</span> 
     </span>
     <span class='ocr_line' id='line_1_3' title="bbox 143 528 1241 617; baseline -0.008 -22"><span class='ocrx_word' id='word_1_11' title='bbox 143 536 254 617; x_wconf 78' lang='lat' dir='ltr'>procul</span> <span class='ocrx_word' id='word_1_12' title='bbox 268 532 358 594; x_wconf 88' lang='lat' dir='ltr'>dubio</span> <span class='ocrx_word' id='word_1_13' title='bbox 371 531 471 591; x_wconf 77' lang='lat' dir='ltr'>innuit</span> <span class='ocrx_word' id='word_1_14' title='bbox 483 531 667 591; x_wconf 77' lang='lat' dir='ltr'>Theodosius</span> <span class='ocrx_word' id='word_1_15' title='bbox 675 552 684 609; x_wconf 82' lang='lat'>3</span> <span class='ocrx_word' id='word_1_16' title='bbox 706 539 735 589; x_wconf 91' lang='lat' dir='ltr'>et</span> <span class='ocrx_word' id='word_1_17' title='bbox 747 532 824 591; x_wconf 81' lang='lat' dir='ltr'>sorte</span> <span class='ocrx_word' id='word_1_18' title='bbox 837 529 895 591; x_wconf 91' lang='lat' dir='ltr'>hoc</span> <span class='ocrx_word' id='word_1_19' title='bbox 911 550 1018 589; x_wconf 86' lang='lat' dir='ltr'>nomen</span> <span class='ocrx_word' id='word_1_20' title='bbox 1033 528 1120 592; x_wconf 80' lang='lat' dir='ltr'>duxit</span> <span class='ocrx_word' id='word_1_21' title='bbox 1133 552 1150 589; x_wconf 91' lang='lat' dir='ltr'>a</span> <span class='ocrx_word' id='word_1_22' title='bbox 1163 529 1241 591; x_wconf 78' lang='lat' dir='ltr'>liha-</span> 
     </span>
     <span class='ocr_line' id='line_1_4' title="bbox 144 615 1292 699; baseline -0.003 -20"><span class='ocrx_word' id='word_1_23' title='bbox 144 620 222 695; x_wconf 84' lang='lat' dir='ltr'>lem,</span> <span class='ocrx_word' id='word_1_24' title='bbox 245 618 297 699; x_wconf 77' lang='lat' dir='ltr'>qui</span> <span class='ocrx_word' id='word_1_25' title='bbox 317 618 432 698; x_wconf 89' lang='lat' dir='ltr'>primus</span> <span class='ocrx_word' id='word_1_26' title='bbox 449 616 621 695; x_wconf 81' lang='lat' dir='ltr'>religiosum</span> <span class='ocrx_word' id='word_1_27' title='bbox 638 615 785 695; x_wconf 84' lang='lat' dir='ltr'>quendem</span> <span class='ocrx_word' id='word_1_28' title='bbox 810 617 924 675; x_wconf 88' lang='lat' dir='ltr'>cultum</span> <span class='ocrx_word' id='word_1_29' title='bbox 946 616 1025 675; x_wconf 89' lang='lat' dir='ltr'>inter</span> <span class='ocrx_word' id='word_1_30' title='bbox 1042 616 1152 677; x_wconf 77' lang='lat' dir='ltr'>Arabas</span> <span class='ocrx_word' id='word_1_31' title='bbox 1167 636 1242 675; x_wconf 88' lang='lat' dir='ltr'>con·</span> <span class='ocrx_word' id='word_1_32' title='bbox 1289 682 1292 689; x_wconf 47' lang='grc'><em>,</em></span> 
     </span>
     <span class='ocr_line' id='line_1_5' title="bbox 144 700 1241 781; baseline -0.004 -16"><span class='ocrx_word' id='word_1_33' title='bbox 144 705 251 765; x_wconf 85' lang='lat' dir='ltr'>stituit.</span> <span class='ocrx_word' id='word_1_34' title='bbox 292 702 385 761; x_wconf 85' lang='lat' dir='ltr'>Ludit</span> <span class='ocrx_word' id='word_1_35' title='bbox 406 712 504 761; x_wconf 84' lang='lat' dir='ltr'>eutem</span> <span class='ocrx_word' id='word_1_36' title='bbox 526 702 559 761; x_wconf 90' lang='lat' dir='ltr'>iu</span> <span class='ocrx_word' id='word_1_37' title='bbox 580 702 693 778; x_wconf 84' lang='lat' dir='ltr'>verbis,</span> <span class='ocrx_word' id='word_1_38' title='bbox 721 701 874 780; x_wconf 75' lang='lat' dir='ltr'><strong>inquiens,</strong></span> <span class='ocrx_word' id='word_1_39' title='bbox 897 700 1022 759; x_wconf 84' lang='lat' dir='ltr'>Romani</span> <span class='ocrx_word' id='word_1_40' title='bbox 1044 700 1117 781; x_wconf 90' lang='lat' dir='ltr'>imp.</span> <span class='ocrx_word' id='word_1_41' title='bbox 1138 702 1241 773; x_wconf 78' lang='lat' dir='ltr'>telem,</span> 
     </span>
     <span class='ocr_line' id='line_1_6' title="bbox 145 785 1241 870; baseline 0 -23"><span class='ocrx_word' id='word_1_42' title='bbox 145 790 227 867; x_wconf 90' lang='lat' dir='ltr'>quod</span> <span class='ocrx_word' id='word_1_43' title='bbox 243 789 356 848; x_wconf 80' lang='lat' dir='ltr'><strong>Graece</strong></span> <span class='ocrx_word' id='word_1_44' title='bbox 379 786 465 870; x_wconf 76' lang='grc' dir='ltr'><strong><em>βέλος</em></strong></span> <span class='ocrx_word' id='word_1_45' title='bbox 488 786 617 865; x_wconf 84' lang='lat' dir='ltr'>dieitur,</span> <span class='ocrx_word' id='word_1_46' title='bbox 639 796 835 847; x_wconf 69' lang='lat' dir='ltr'><strong>commutasse</strong></span> <span class='ocrx_word' id='word_1_47' title='bbox 849 786 1057 847; x_wconf 84' lang='lat' dir='ltr'>Delemitarum</span> <span class='ocrx_word' id='word_1_48' title='bbox 1078 807 1187 845; x_wconf 89' lang='lat' dir='ltr'>nomen</span> <span class='ocrx_word' id='word_1_49' title='bbox 1207 785 1241 847; x_wconf 88' lang='lat' dir='ltr'>in</span> 
     </span>
    </p>
   </div>
   <div class='ocr_carea' id='block_1_3' title="bbox 142 873 302 933">
    <p class='ocr_par' dir='ltr' id='par_1_3' title="bbox 142 873 302 933">
     <span class='ocr_line' id='line_1_7' title="bbox 142 873 302 933; baseline 0 0"><span class='ocrx_word' id='word_1_50' title='bbox 142 873 302 933; x_wconf 85' lang='lat' dir='ltr'>Belebitas.</span> 
     </span>
    </p>
   </div>
   <div class='ocr_carea' id='block_1_4' title="bbox 140 980 1290 1497">
    <p class='ocr_par' dir='ltr' id='par_1_4' title="bbox 140 980 1290 1497">
     <span class='ocr_line' id='line_1_8' title="bbox 227 980 1240 1071; baseline -0.012 -12"><span class='ocrx_word' id='word_1_51' title='bbox 227 997 280 1059; x_wconf 78' lang='lat'>27.</span> <span class='ocrx_word' id='word_1_52' title='bbox 304 991 441 1071; x_wconf 78' lang='grc' dir='ltr'>Χαυδᾶς]</span> <span class='ocrx_word' id='word_1_53' title='bbox 463 992 513 1051; x_wconf 81' lang='lat' dir='ltr'>sic</span> <span class='ocrx_word' id='word_1_54' title='bbox 526 991 645 1052; x_wconf 76' lang='lat' dir='ltr'>Codext</span> <span class='ocrx_word' id='word_1_55' title='bbox 665 990 715 1049; x_wconf 82' lang='lat' dir='ltr'>aiii</span> <span class='ocrx_word' id='word_1_56' title='bbox 734 998 832 1050; x_wconf 88' lang='lat' dir='ltr'>autem</span> <span class='ocrx_word' id='word_1_57' title='bbox 852 989 1011 1069; x_wconf 84' lang='lat' dir='ltr'>scriptores</span> <span class='ocrx_word' id='word_1_58' title='bbox 1026 980 1148 1069; x_wconf 74' lang='grc' dir='ltr'><em>Χᾶβδας</em></span> <span class='ocrx_word' id='word_1_59' title='bbox 1162 988 1240 1048; x_wconf 85' lang='lat' dir='ltr'>sori·</span> 
     </span>
     <span class='ocr_line' id='line_1_9' title="bbox 143 1074 1241 1154; baseline -0.002 -19"><span class='ocrx_word' id='word_1_60' title='bbox 143 1075 228 1140; x_wconf 66' lang='lat' dir='ltr'>imnt</span> <span class='ocrx_word' id='word_1_61' title='bbox 258 1078 352 1136; x_wconf 86' lang='lat' dir='ltr'>Porro</span> <span class='ocrx_word' id='word_1_62' title='bbox 369 1077 513 1153; x_wconf 84' lang='lat' dir='ltr'>Chabdas,</span> <span class='ocrx_word' id='word_1_63' title='bbox 529 1096 591 1152; x_wconf 88' lang='lat' dir='ltr'>sau,</span> <span class='ocrx_word' id='word_1_64' title='bbox 612 1085 647 1135; x_wconf 90' lang='lat' dir='ltr'>ut</span> <span class='ocrx_word' id='word_1_65' title='bbox 663 1078 860 1136; x_wconf 72' lang='lat' dir='ltr'>continuator</span> <span class='ocrx_word' id='word_1_66' title='bbox 872 1074 1058 1154; x_wconf 73' lang='lat' dir='ltr'>Theophanis</span> <span class='ocrx_word' id='word_1_67' title='bbox 1072 1096 1107 1133; x_wconf 88' lang='lat' dir='ltr'>oe</span> <span class='ocrx_word' id='word_1_68' title='bbox 1122 1074 1241 1135; x_wconf 80' lang='lat' dir='ltr'>Simeon</span> 
     </span>
     <span class='ocr_line' id='line_1_10' title="bbox 141 1160 1239 1241; baseline -0.002 -20"><span class='ocrx_word' id='word_1_69' title='bbox 141 1162 283 1241; x_wconf 73' lang='lat' dir='ltr'>Magister</span> <span class='ocrx_word' id='word_1_70' title='bbox 309 1162 463 1238; x_wconf 84' lang='lat' dir='ltr'>scribunt,</span> <span class='ocrx_word' id='word_1_71' title='bbox 490 1162 655 1221; x_wconf 86' lang='lat' dir='ltr'>Chambdas</span> <span class='ocrx_word' id='word_1_72' title='bbox 680 1163 741 1221; x_wconf 80' lang='lat' dir='ltr'>&#39;fuit</span> <span class='ocrx_word' id='word_1_73' title='bbox 760 1160 880 1239; x_wconf 87' lang='lat' dir='ltr'>Chalepi</span> <span class='ocrx_word' id='word_1_74' title='bbox 903 1160 1040 1219; x_wconf 87' lang='lat' dir='ltr'>dominus</span> <span class='ocrx_word' id='word_1_75' title='bbox 1063 1168 1092 1217; x_wconf 90' lang='lat' dir='ltr'>et</span> <span class='ocrx_word' id='word_1_76' title='bbox 1107 1160 1239 1233; x_wconf 78' lang='lat' dir='ltr'>Amaras,</span> 
     </span>
     <span class='ocr_line' id='line_1_11' title="bbox 143 1242 1290 1327; baseline -0.002 -20"><span class='ocrx_word' id='word_1_77' title='bbox 143 1267 231 1327; x_wconf 89' lang='lat' dir='ltr'>quem</span> <span class='ocrx_word' id='word_1_78' title='bbox 252 1269 268 1305; x_wconf 92' lang='lat' dir='ltr'>a</span> <span class='ocrx_word' id='word_1_79' title='bbox 284 1248 380 1306; x_wconf 83' lang='lat' dir='ltr'>Leone</span> <span class='ocrx_word' id='word_1_80' title='bbox 396 1247 493 1307; x_wconf 86' lang='lat' dir='ltr'>Phoca</span> <span class='ocrx_word' id='word_1_81' title='bbox 507 1248 636 1327; x_wconf 86' lang='lat' dir='ltr'>primum</span> <span class='ocrx_word' id='word_1_82' title='bbox 651 1246 797 1308; x_wconf 81' lang='lat' dir='ltr'>domitum</span> <span class='ocrx_word' id='word_1_83' title='bbox 817 1255 918 1327; x_wconf 81' lang='lat' dir='ltr'>postea</span> <span class='ocrx_word' id='word_1_84' title='bbox 938 1242 1140 1323; x_wconf 82' lang='lat' dir='ltr'>Nicephorus,</span> <span class='ocrx_word' id='word_1_85' title='bbox 1162 1244 1240 1323; x_wconf 78' lang='lat' dir='ltr'>Cha·</span> <span class='ocrx_word' id='word_1_86' title='bbox 1272 1264 1290 1279; x_wconf 70' lang='grc'><strong>“</strong></span> 
     </span>
     <span class='ocr_line' id='line_1_12' title="bbox 141 1329 1243 1413; baseline 0 -22"><span class='ocrx_word' id='word_1_87' title='bbox 141 1332 209 1411; x_wconf 92' lang='lat' dir='ltr'>lepe</span> <span class='ocrx_word' id='word_1_88' title='bbox 222 1352 334 1409; x_wconf 85' lang='lat' dir='ltr'>eversa,</span> <span class='ocrx_word' id='word_1_89' title='bbox 349 1334 468 1413; x_wconf 86' lang='lat' dir='ltr'>penitus</span> <span class='ocrx_word' id='word_1_90' title='bbox 485 1332 612 1412; x_wconf 81' lang='lat' dir='ltr'>subegit.</span> <span class='ocrx_word' id='word_1_91' title='bbox 641 1332 769 1405; x_wconf 77' lang='lat' dir='ltr'>Videon,</span> <span class='ocrx_word' id='word_1_92' title='bbox 778 1351 858 1411; x_wconf 34' lang='lat' dir='ltr'>,quae</span> <span class='ocrx_word' id='word_1_93' title='bbox 872 1331 966 1391; x_wconf 85' lang='lat' dir='ltr'>fusius</span> <span class='ocrx_word' id='word_1_94' title='bbox 979 1331 1013 1389; x_wconf 87' lang='lat' dir='ltr'>iu</span> <span class='ocrx_word' id='word_1_95' title='bbox 1025 1329 1139 1391; x_wconf 86' lang='lat' dir='ltr'>Monito</span> <span class='ocrx_word' id='word_1_96' title='bbox 1154 1349 1243 1411; x_wconf 84' lang='lat' dir='ltr'>prae-</span> 
     </span>
     <span class='ocr_line' id='line_1_13' title="bbox 140 1418 331 1497; baseline 0.01 -22"><span class='ocrx_word' id='word_1_97' title='bbox 140 1418 198 1497; x_wconf 68' lang='lat' dir='ltr'>peti</span> <span class='ocrx_word' id='word_1_98' title='bbox 217 1438 331 1478; x_wconf 89' lang='lat' dir='ltr'>sumus.</span> 
     </span>
    </p>
   </div>
   <div class='ocr_carea' id='block_1_5' title="bbox 140 1533 1241 1869">
    <p class='ocr_par' dir='ltr' id='par_1_5' title="bbox 140 1533 1241 1869">
     <span class='ocr_line' id='line_1_14' title="bbox 226 1533 1241 1619; baseline -0.005 -18"><span class='ocrx_word' id='word_1_99' title='bbox 226 1538 277 1601; x_wconf 80' lang='lat'>30.</span> <span class='ocrx_word' id='word_1_100' title='bbox 302 1533 471 1619; x_wconf 74' lang='grc' dir='ltr'><strong><em>Παρέσχου]</em></strong></span> <span class='ocrx_word' id='word_1_101' title='bbox 495 1536 545 1596; x_wconf 88' lang='lat' dir='ltr'>Sic</span> <span class='ocrx_word' id='word_1_102' title='bbox 561 1536 636 1596; x_wconf 86' lang='lat' dir='ltr'>bens</span> <span class='ocrx_word' id='word_1_103' title='bbox 652 1535 770 1595; x_wconf 80' lang='lat' dir='ltr'>Codex:</span> <span class='ocrx_word' id='word_1_104' title='bbox 793 1534 947 1595; x_wconf 84' lang='lat' dir='ltr'>Cornelius</span> <span class='ocrx_word' id='word_1_105' title='bbox 962 1535 1135 1615; x_wconf 83' lang='lat' dir='ltr'>nescioquo</span> <span class='ocrx_word' id='word_1_106' title='bbox 1153 1556 1241 1596; x_wconf 81' lang='lat' dir='ltr'>causa</span> 
     </span>
     <span class='ocr_line' id='line_1_15' title="bbox 142 1620 1239 1702; baseline -0.002 -21"><span class='ocrx_word' id='word_1_107' title='bbox 142 1620 360 1681; x_wconf 86' lang='lat' dir='ltr'>emendandum</span> <span class='ocrx_word' id='word_1_108' title='bbox 382 1622 539 1683; x_wconf 75' lang='lat' dir='ltr'>adnotavit</span> <span class='ocrx_word' id='word_1_109' title='bbox 552 1622 693 1702; x_wconf 77' lang='grc' dir='ltr'><strong><em>παρέχες,</em></strong></span> <span class='ocrx_word' id='word_1_110' title='bbox 716 1620 798 1701; x_wconf 90' lang='lat' dir='ltr'>quod</span> <span class='ocrx_word' id='word_1_111' title='bbox 816 1622 955 1696; x_wconf 83' lang='lat' dir='ltr'>verbum,</span> <span class='ocrx_word' id='word_1_112' title='bbox 976 1620 1034 1679; x_wconf 90' lang='lat' dir='ltr'>nisi</span> <span class='ocrx_word' id='word_1_113' title='bbox 1050 1641 1133 1681; x_wconf 86' lang='lat' dir='ltr'>error</span> <span class='ocrx_word' id='word_1_114' title='bbox 1146 1630 1239 1701; x_wconf 90' lang='lat' dir='ltr'>typo·</span> 
     </span>
     <span class='ocr_line' id='line_1_16' title="bbox 140 1704 1239 1786; baseline 0.003 -22"><span class='ocrx_word' id='word_1_115' title='bbox 140 1704 256 1785; x_wconf 81' lang='lat' dir='ltr'>grapho</span> <span class='ocrx_word' id='word_1_116' title='bbox 271 1707 509 1785; x_wconf 64' lang='lat' dir='ltr'>adhibuendus,</span> <span class='ocrx_word' id='word_1_117' title='bbox 526 1727 582 1766; x_wconf 89' lang='lat' dir='ltr'>nec</span> <span class='ocrx_word' id='word_1_118' title='bbox 595 1706 798 1786; x_wconf 87' lang='lat' dir='ltr'>benequidem</span> <span class='ocrx_word' id='word_1_119' title='bbox 817 1726 848 1766; x_wconf 89' lang='lat' dir='ltr'>se</span> <span class='ocrx_word' id='word_1_120' title='bbox 862 1705 953 1765; x_wconf 86' lang='lat' dir='ltr'>habet</span> <span class='ocrx_word' id='word_1_121' title='bbox 965 1706 1127 1767; x_wconf 86' lang='lat' dir='ltr'>secundum</span> <span class='ocrx_word' id='word_1_122' title='bbox 1136 1706 1239 1767; x_wconf 85' lang='lat' dir='ltr'>Gram-</span> 
     </span>
     <span class='ocr_line' id='line_1_17' title="bbox 145 1791 462 1869; baseline 0 -20"><span class='ocrx_word' id='word_1_123' title='bbox 145 1791 267 1849; x_wconf 79' lang='lat' dir='ltr'>maticos</span> <span class='ocrx_word' id='word_1_124' title='bbox 284 1792 411 1869; x_wconf 82' lang='lat' dir='ltr'>regulas.</span> <span class='ocrx_word' id='word_1_125' title='bbox 459 1811 462 1817; x_wconf 93' lang='grc'><strong><em>·</em></strong></span> 
     </span>
    </p>
   </div>
   <div class='ocr_carea' id='block_1_6' title="bbox 138 1894 1244 2159">
    <p class='ocr_par' dir='ltr' id='par_1_6' title="bbox 138 1894 1244 2159">
     <span class='ocr_line' id='line_1_18' title="bbox 223 1894 1244 1991; baseline -0.004 -16"><span class='ocrx_word' id='word_1_126' title='bbox 223 1912 287 1975; x_wconf 83' lang='grc'><strong>31.-</strong></span> <span class='ocrx_word' id='word_1_127' title='bbox 299 1907 484 1989; x_wconf 76' lang='grc' dir='ltr'><strong><em>Πολυξένης]</em></strong></span> <span class='ocrx_word' id='word_1_128' title='bbox 505 1909 634 1969; x_wconf 77' lang='lat' dir='ltr'>Fallitur</span> <span class='ocrx_word' id='word_1_129' title='bbox 652 1908 846 1974; x_wconf 84' lang='lat' dir='ltr'>Theodosius.</span> <span class='ocrx_word' id='word_1_130' title='bbox 889 1911 991 1991; x_wconf 82' lang='lat' dir='ltr'>Neque</span> <span class='ocrx_word' id='word_1_131' title='bbox 1010 1909 1178 1991; x_wconf 78' lang='lat' dir='ltr'>Polyxenus</span> <span class='ocrx_word' id='word_1_132' title='bbox 1200 1894 1244 1971; x_wconf 69' lang='lat' dir='ltr'>adt</span> 
     </span>
     <span class='ocr_line' id='line_1_19' title="bbox 138 1991 1239 2159; baseline 0.005 -107"><span class='ocrx_word' id='word_1_133' title='bbox 138 1991 445 2159; x_wconf 47' lang='lat' dir='ltr'>dfflpissridummum</span> <span class='ocrx_word' id='word_1_134' title='bbox 465 1995 662 2073; x_wconf 85' lang='lat' dir='ltr'>occisionem,</span> <span class='ocrx_word' id='word_1_135' title='bbox 684 2015 780 2075; x_wconf 87' lang='lat' dir='ltr'>neque</span> <span class='ocrx_word' id='word_1_136' title='bbox 799 1995 906 2056; x_wconf 80' lang='lat' dir='ltr'>Troiae</span> <span class='ocrx_word' id='word_1_137' title='bbox 922 1996 1074 2057; x_wconf 81' lang='lat' dir='ltr'>excidium</span> <span class='ocrx_word' id='word_1_138' title='bbox 1093 1996 1239 2057; x_wconf 87' lang='lat' dir='ltr'>Homerus</span> 
     </span>
    </p>
   </div>
   <div class='ocr_carea' id='block_1_7' title="bbox 139 2146 1242 2349">
    <p class='ocr_par' dir='ltr' id='par_1_7' title="bbox 139 2146 1242 2349">
     <span class='ocr_line' id='line_1_20' title="bbox 226 2146 1242 2261; baseline -0.003 -15"><span class='ocrx_word' id='word_1_139' title='bbox 226 2183 277 2249; x_wconf 80' lang='lat'>35.</span> <span class='ocrx_word' id='word_1_140' title='bbox 299 2175 527 2261; x_wconf 71' lang='lat' dir='ltr'>Moesutdsov]</span> <span class='ocrx_word' id='word_1_141' title='bbox 551 2180 602 2242; x_wconf 87' lang='lat' dir='ltr'>Sic</span> <span class='ocrx_word' id='word_1_142' title='bbox 626 2202 665 2241; x_wconf 84' lang='lat' dir='ltr'>ex</span> <span class='ocrx_word' id='word_1_143' title='bbox 688 2181 797 2243; x_wconf 88' lang='lat' dir='ltr'>Codice</span> <span class='ocrx_word' id='word_1_144' title='bbox 820 2146 954 2243; x_wconf 77' lang='lat' dir='ltr'>restitue.</span> <span class='ocrx_word' id='word_1_145' title='bbox 997 2182 1152 2243; x_wconf 86' lang='lat' dir='ltr'>Cornelius</span> <span class='ocrx_word' id='word_1_146' title='bbox 1164 2182 1242 2243; x_wconf 88' lang='lat' dir='ltr'>male</span> 
     </span>
     <span class='ocr_line' id='line_1_21' title="bbox 139 2260 1156 2349; baseline 0.006 -24"><span class='ocrx_word' id='word_1_147' title='bbox 139 2262 235 2325; x_wconf 79' lang='lat' dir='ltr'>edidit</span> <span class='ocrx_word' id='word_1_148' title='bbox 250 2260 430 2349; x_wconf 78' lang='grc' dir='ltr'><strong><em>μυθοπλόη,</em></strong></span> <span class='ocrx_word' id='word_1_149' title='bbox 451 2276 482 2327; x_wconf 90' lang='lat' dir='ltr'>et</span> <span class='ocrx_word' id='word_1_150' title='bbox 495 2268 624 2327; x_wconf 84' lang='lat' dir='ltr'>coniecit</span> <span class='ocrx_word' id='word_1_151' title='bbox 642 2288 705 2327; x_wconf 88' lang='lat' dir='ltr'>esse</span> <span class='ocrx_word' id='word_1_152' title='bbox 720 2268 930 2346; x_wconf 78' lang='lat' dir='ltr'>corrigendum</span> <span class='ocrx_word' id='word_1_153' title='bbox 945 2264 1156 2349; x_wconf 78' lang='grc' dir='ltr'><strong><em>μυθοπλᾶνου.</em></strong></span> 
     </span>
    </p>
   </div>
   <div class='ocr_carea' id='block_1_8' title="bbox 139 2368 1239 2550">
    <p class='ocr_par' dir='ltr' id='par_1_8' title="bbox 139 2368 1239 2550">
     <span class='ocr_line' id='line_1_22' title="bbox 179 2368 1239 2470; baseline 0.001 -18"><span class='ocrx_word' id='word_1_154' title='bbox 179 2423 186 2434; x_wconf 83' lang='grc'>·</span> <span class='ocrx_word' id='word_1_155' title='bbox 223 2390 274 2453; x_wconf 80' lang='lat'>36.</span> <span class='ocrx_word' id='word_1_156' title='bbox 297 2380 485 2467; x_wconf 79' lang='grc' dir='ltr'><strong><em>Πανσόφως]</em></strong></span> <span class='ocrx_word' id='word_1_157' title='bbox 505 2386 551 2446; x_wconf 86' lang='lat' dir='ltr'>lta</span> <span class='ocrx_word' id='word_1_158' title='bbox 564 2386 669 2446; x_wconf 90' lang='lat' dir='ltr'>melius</span> <span class='ocrx_word' id='word_1_159' title='bbox 682 2387 722 2447; x_wconf 91' lang='lat' dir='ltr'>ad</span> <span class='ocrx_word' id='word_1_160' title='bbox 734 2368 825 2448; x_wconf 79' lang='lat' dir='ltr'>fidim</span> <span class='ocrx_word' id='word_1_161' title='bbox 842 2386 960 2448; x_wconf 88' lang='lat' dir='ltr'>Codicis</span> <span class='ocrx_word' id='word_1_162' title='bbox 971 2388 1050 2470; x_wconf 81' lang='lat' dir='ltr'>leges</span> <span class='ocrx_word' id='word_1_163' title='bbox 1072 2380 1239 2470; x_wconf 68' lang='grc' dir='ltr'><strong><em>πανσόφος</em></strong></span> 
     </span>
     <span class='ocr_line' id='line_1_23' title="bbox 139 2468 927 2550; baseline 0.008 -20"><span class='ocrx_word' id='word_1_164' title='bbox 139 2468 217 2530; x_wconf 86' lang='lat' dir='ltr'>enim</span> <span class='ocrx_word' id='word_1_165' title='bbox 226 2515 236 2548; x_wconf 85' lang='lat'>‚</span> <span class='ocrx_word' id='word_1_166' title='bbox 258 2481 294 2531; x_wconf 89' lang='lat' dir='ltr'>ut</span> <span class='ocrx_word' id='word_1_167' title='bbox 307 2472 465 2532; x_wconf 83' lang='lat' dir='ltr'>Cornelius</span> <span class='ocrx_word' id='word_1_168' title='bbox 481 2473 592 2550; x_wconf 89' lang='lat' dir='ltr'>edidit,</span> <span class='ocrx_word' id='word_1_169' title='bbox 612 2493 676 2532; x_wconf 91' lang='lat' dir='ltr'>non</span> <span class='ocrx_word' id='word_1_170' title='bbox 694 2473 770 2534; x_wconf 88' lang='lat' dir='ltr'>bene</span> <span class='ocrx_word' id='word_1_171' title='bbox 783 2493 814 2533; x_wconf 90' lang='lat' dir='ltr'>se</span> <span class='ocrx_word' id='word_1_172' title='bbox 826 2472 927 2536; x_wconf 82' lang='lat' dir='ltr'>habet.</span> 
     </span>
    </p>
   </div>
   <div class='ocr_carea' id='block_1_9' title="bbox 136 2585 1240 3099">
    <p class='ocr_par' dir='ltr' id='par_1_9' title="bbox 136 2585 1240 3099">
     <span class='ocr_line' id='line_1_24' title="bbox 222 2585 1240 2675; baseline -0.002 -21"><span class='ocrx_word' id='word_1_173' title='bbox 222 2593 274 2654; x_wconf 81' lang='lat'>37.</span> <span class='ocrx_word' id='word_1_174' title='bbox 294 2587 328 2652; x_wconf 86' lang='lat' dir='ltr'>‘O</span> <span class='ocrx_word' id='word_1_175' title='bbox 344 2585 465 2670; x_wconf 78' lang='grc' dir='ltr'>πηρός]</span> <span class='ocrx_word' id='word_1_176' title='bbox 494 2591 621 2651; x_wconf 84' lang='lat' dir='ltr'>Caecum</span> <span class='ocrx_word' id='word_1_177' title='bbox 647 2591 812 2652; x_wconf 86' lang='lat' dir='ltr'>Homerum</span> <span class='ocrx_word' id='word_1_178' title='bbox 832 2592 976 2674; x_wconf 85' lang='lat' dir='ltr'>appellet,</span> <span class='ocrx_word' id='word_1_179' title='bbox 1005 2593 1153 2675; x_wconf 80' lang='lat' dir='ltr'>plurimos</span> <span class='ocrx_word' id='word_1_180' title='bbox 1175 2603 1240 2652; x_wconf 88' lang='lat' dir='ltr'>tum</span> 
     </span>
     <span class='ocr_line' id='line_1_25' title="bbox 141 2673 1239 2760; baseline 0.005 -28"><span class='ocrx_word' id='word_1_181' title='bbox 141 2673 273 2760; x_wconf 75' lang='lat' dir='ltr'>Gpaecos</span> <span class='ocrx_word' id='word_1_182' title='bbox 293 2683 359 2733; x_wconf 89' lang='lat' dir='ltr'>tum</span> <span class='ocrx_word' id='word_1_183' title='bbox 380 2675 502 2734; x_wconf 83' lang='lat' dir='ltr'>Latinos</span> <span class='ocrx_word' id='word_1_184' title='bbox 523 2677 684 2755; x_wconf 85' lang='lat' dir='ltr'>sc1iptores</span> <span class='ocrx_word' id='word_1_185' title='bbox 704 2677 853 2754; x_wconf 88' lang='lat' dir='ltr'>imitatus,</span> <span class='ocrx_word' id='word_1_186' title='bbox 882 2699 1008 2758; x_wconf 90' lang='lat' dir='ltr'>quorum</span> <span class='ocrx_word' id='word_1_187' title='bbox 1037 2677 1177 2738; x_wconf 88' lang='lat' dir='ltr'>nonnulli</span> <span class='ocrx_word' id='word_1_188' title='bbox 1201 2696 1239 2738; x_wconf 78' lang='lat' dir='ltr'>ex</span> 
     </span>
     <span class='ocr_line' id='line_1_26' title="bbox 138 2757 1238 2841; baseline 0.002 -23"><span class='ocrx_word' id='word_1_189' title='bbox 138 2757 198 2818; x_wconf 87' lang='lat' dir='ltr'>hoc</span> <span class='ocrx_word' id='word_1_190' title='bbox 220 2758 328 2829; x_wconf 82' lang='lat' dir='ltr'>morbo</span> <span class='ocrx_word' id='word_1_191' title='bbox 338 2761 509 2817; x_wconf 85' lang='lat' dir='ltr'>Homerum</span> <span class='ocrx_word' id='word_1_192' title='bbox 525 2760 616 2820; x_wconf 81' lang='lat' dir='ltr'>fuisse</span> <span class='ocrx_word' id='word_1_193' title='bbox 636 2761 750 2822; x_wconf 88' lang='lat' dir='ltr'>dictum</span> <span class='ocrx_word' id='word_1_194' title='bbox 767 2771 889 2840; x_wconf 88' lang='lat' dir='ltr'>putant,</span> <span class='ocrx_word' id='word_1_195' title='bbox 912 2783 1003 2841; x_wconf 88' lang='lat' dir='ltr'>quum</span> <span class='ocrx_word' id='word_1_196' title='bbox 1019 2773 1104 2822; x_wconf 85' lang='lat' dir='ltr'>antea</span> <span class='ocrx_word' id='word_1_197' title='bbox 1118 2761 1238 2822; x_wconf 86' lang='lat' dir='ltr'>Melesi-</span> 
     </span>
     <span class='ocr_line' id='line_1_27' title="bbox 136 2839 1238 2928; baseline 0.005 -27"><span class='ocrx_word' id='word_1_198' title='bbox 136 2863 225 2920; x_wconf 81' lang='lat' dir='ltr'>genes</span> <span class='ocrx_word' id='word_1_199' title='bbox 243 2852 419 2907; x_wconf 79' lang='lat' dir='ltr'>vocaretur:</span> <span class='ocrx_word' id='word_1_200' title='bbox 442 2839 590 2926; x_wconf 78' lang='grc' dir='ltr'><strong><em>Ὁμήρους</em></strong></span> <span class='ocrx_word' id='word_1_201' title='bbox 608 2846 687 2906; x_wconf 87' lang='lat' dir='ltr'>enim</span> <span class='ocrx_word' id='word_1_202' title='bbox 712 2847 799 2906; x_wconf 88' lang='lat' dir='ltr'>Iones</span> <span class='ocrx_word' id='word_1_203' title='bbox 820 2856 849 2908; x_wconf 88' lang='lat' dir='ltr'>et</span> <span class='ocrx_word' id='word_1_204' title='bbox 864 2847 986 2908; x_wconf 84' lang='lat' dir='ltr'>Cumaei</span> <span class='ocrx_word' id='word_1_205' title='bbox 1006 2868 1108 2906; x_wconf 84' lang='lat' dir='ltr'>caecos</span> <span class='ocrx_word' id='word_1_206' title='bbox 1131 2847 1238 2928; x_wconf 85' lang='lat' dir='ltr'>appel-</span> 
     </span>
     <span class='ocr_line' id='line_1_28' title="bbox 136 2927 1236 3011; baseline 0.005 -25"><span class='ocrx_word' id='word_1_207' title='bbox 136 2927 210 2991; x_wconf 87' lang='lat' dir='ltr'>lant.</span> <span class='ocrx_word' id='word_1_208' title='bbox 252 2928 368 2988; x_wconf 87' lang='lat' dir='ltr'>Verum</span> <span class='ocrx_word' id='word_1_209' title='bbox 381 2928 418 2987; x_wconf 89' lang='lat' dir='ltr'>de</span> <span class='ocrx_word' id='word_1_210' title='bbox 432 2928 554 2988; x_wconf 82' lang='lat' dir='ltr'>Homeri</span> <span class='ocrx_word' id='word_1_211' title='bbox 569 2931 708 2989; x_wconf 87' lang='lat' dir='ltr'>caecitate</span> <span class='ocrx_word' id='word_1_212' title='bbox 722 2932 861 3008; x_wconf 87' lang='lat' dir='ltr'>consule,</span> <span class='ocrx_word' id='word_1_213' title='bbox 883 2953 958 3011; x_wconf 83' lang='lat' dir='ltr'>quae</span> <span class='ocrx_word' id='word_1_214' title='bbox 981 2933 1076 2993; x_wconf 81' lang='lat' dir='ltr'>fusius</span> <span class='ocrx_word' id='word_1_215' title='bbox 1098 2954 1133 2991; x_wconf 88' lang='lat' dir='ltr'>ao</span> <span class='ocrx_word' id='word_1_216' title='bbox 1156 2931 1236 2992; x_wconf 88' lang='lat' dir='ltr'>mul-</span> 
     </span>
     <span class='ocr_line' id='line_1_29' title="bbox 136 3013 1236 3099; baseline 0.007 -27"><span class='ocrx_word' id='word_1_217' title='bbox 136 3013 236 3072; x_wconf 78' lang='lat' dir='ltr'>tifarie</span> <span class='ocrx_word' id='word_1_218' title='bbox 246 3013 413 3072; x_wconf 87' lang='lat' dir='ltr'>eruditione</span> <span class='ocrx_word' id='word_1_219' title='bbox 425 3014 564 3074; x_wconf 79' lang='lat' dir='ltr'>disseruit</span> <span class='ocrx_word' id='word_1_220' title='bbox 577 3017 636 3075; x_wconf 92' lang='lat' dir='ltr'>Leo</span> <span class='ocrx_word' id='word_1_221' title='bbox 645 3015 777 3076; x_wconf 77' lang='lat' dir='ltr'>-dllatius</span> <span class='ocrx_word' id='word_1_222' title='bbox 790 3017 826 3076; x_wconf 86' lang='lat' dir='ltr'>de</span> <span class='ocrx_word' id='word_1_223' title='bbox 839 3017 936 3076; x_wconf 86' lang='lat' dir='ltr'>Patria</span> <span class='ocrx_word' id='word_1_224' title='bbox 950 3017 1072 3078; x_wconf 85' lang='lat' dir='ltr'>Homeri</span> <span class='ocrx_word' id='word_1_225' title='bbox 1086 3038 1152 3099; x_wconf 89' lang='lat' dir='ltr'>cap.</span> <span class='ocrx_word' id='word_1_226' title='bbox 1169 3037 1236 3080; x_wconf 84' lang='lat' dir='ltr'>vm.</span> 
     </span>
    </p>
   </div>
   <div class='ocr_carea' id='block_1_10' title="bbox 135 3126 1237 3384">
    <p class='ocr_par' dir='ltr' id='par_1_10' title="bbox 135 3126 1237 3384">
     <span class='ocr_line' id='line_1_30' title="bbox 221 3126 1237 3217; baseline 0.003 -26"><span class='ocrx_word' id='word_1_227' title='bbox 221 3131 272 3197; x_wconf 78' lang='grc'>40.</span> <span class='ocrx_word' id='word_1_228' title='bbox 299 3135 361 3194; x_wconf 82' lang='grc' dir='ltr'>Τοῦ</span> <span class='ocrx_word' id='word_1_229' title='bbox 382 3126 470 3214; x_wconf 75' lang='grc' dir='ltr'><strong><em>Διός]</em></strong></span> <span class='ocrx_word' id='word_1_230' title='bbox 493 3133 573 3191; x_wconf 87' lang='lat' dir='ltr'>inter</span> <span class='ocrx_word' id='word_1_231' title='bbox 592 3133 695 3213; x_wconf 85' lang='lat' dir='ltr'>piures</span> <span class='ocrx_word' id='word_1_232' title='bbox 715 3135 862 3215; x_wconf 87' lang='lat' dir='ltr'>populos,</span> <span class='ocrx_word' id='word_1_233' title='bbox 882 3135 936 3217; x_wconf 83' lang='lat' dir='ltr'>qui</span> <span class='ocrx_word' id='word_1_234' title='bbox 959 3137 1016 3196; x_wconf 86' lang='lat' dir='ltr'>sibi</span> <span class='ocrx_word' id='word_1_235' title='bbox 1032 3137 1113 3196; x_wconf 85' lang='lat' dir='ltr'>Jovis</span> <span class='ocrx_word' id='word_1_236' title='bbox 1127 3135 1237 3196; x_wconf 82' lang='lat' dir='ltr'>natalia</span> 
     </span>
     <span class='ocr_line' id='line_1_31' title="bbox 135 3211 1237 3301; baseline 0.007 -30"><span class='ocrx_word' id='word_1_237' title='bbox 135 3211 316 3292; x_wconf 73' lang='lat' dir='ltr'>trrhuerunt,</span> <span class='ocrx_word' id='word_1_238' title='bbox 340 3217 493 3275; x_wconf 70' lang='lat' dir='ltr'>Cretenses</span> <span class='ocrx_word' id='word_1_239' title='bbox 508 3218 697 3296; x_wconf 87' lang='lat' dir='ltr'>potissimum</span> <span class='ocrx_word' id='word_1_240' title='bbox 708 3221 746 3279; x_wconf 90' lang='lat' dir='ltr'>de</span> <span class='ocrx_word' id='word_1_241' title='bbox 767 3219 804 3278; x_wconf 90' lang='lat' dir='ltr'>iis</span> <span class='ocrx_word' id='word_1_242' title='bbox 823 3221 975 3301; x_wconf 80' lang='lat' dir='ltr'>superbire</span> <span class='ocrx_word' id='word_1_243' title='bbox 991 3222 1106 3300; x_wconf 81' lang='lat' dir='ltr'>solitos,</span> <span class='ocrx_word' id='word_1_244' title='bbox 1126 3241 1175 3282; x_wconf 87' lang='lat' dir='ltr'>res</span> <span class='ocrx_word' id='word_1_245' title='bbox 1191 3229 1237 3280; x_wconf 85' lang='lat' dir='ltr'>est</span> 
     </span>
     <span class='ocr_line' id='line_1_32' title="bbox 136 3299 905 3384; baseline 0.013 -28"><span class='ocrx_word' id='word_1_246' title='bbox 136 3299 211 3358; x_wconf 85' lang='lat' dir='ltr'>adeo</span> <span class='ocrx_word' id='word_1_247' title='bbox 224 3301 415 3380; x_wconf 78' lang='lat' dir='ltr'>pervulgate,</span> <span class='ocrx_word' id='word_1_248' title='bbox 437 3310 474 3360; x_wconf 90' lang='lat' dir='ltr'>ut</span> <span class='ocrx_word' id='word_1_249' title='bbox 486 3301 565 3361; x_wconf 88' lang='lat' dir='ltr'>nihil</span> <span class='ocrx_word' id='word_1_250' title='bbox 579 3302 630 3362; x_wconf 90' lang='lat' dir='ltr'>hie</span> <span class='ocrx_word' id='word_1_251' title='bbox 641 3304 751 3364; x_wconf 88' lang='lat' dir='ltr'>addere</span> <span class='ocrx_word' id='word_1_252' title='bbox 765 3324 842 3384; x_wconf 86' lang='lat' dir='ltr'>opus</span> <span class='ocrx_word' id='word_1_253' title='bbox 856 3305 905 3368; x_wconf 86' lang='lat' dir='ltr'>sit.</span> 
     </span>
    </p>
   </div>
   <div class='ocr_carea' id='block_1_11' title="bbox 104 3395 1235 3842">
    <p class='ocr_par' dir='ltr' id='par_1_11' title="bbox 104 3395 1235 3842">
     <span class='ocr_line' id='line_1_33' title="bbox 104 3395 1232 3503; baseline -0.003 -19"><span class='ocrx_word' id='word_1_254' title='bbox 104 3423 117 3434; x_wconf 83' lang='lat'><strong><em>&#39;</em></strong></span> <span class='ocrx_word' id='word_1_255' title='bbox 221 3421 272 3484; x_wconf 78' lang='lat'>41.</span> <span class='ocrx_word' id='word_1_256' title='bbox 294 3405 369 3493; x_wconf 68' lang='grc' dir='ltr'>Δὶός</span> <span class='ocrx_word' id='word_1_257' title='bbox 381 3413 543 3501; x_wconf 73' lang='grc' dir='ltr'><strong>τυράννου]</strong></span> <span class='ocrx_word' id='word_1_258' title='bbox 557 3420 742 3484; x_wconf 83' lang='lat' dir='ltr'>Theodosius</span> <span class='ocrx_word' id='word_1_259' title='bbox 757 3435 898 3503; x_wconf 88' lang='lat' dir='ltr'>sequutus</span> <span class='ocrx_word' id='word_1_260' title='bbox 912 3395 1086 3486; x_wconf 78' lang='lat' dir='ltr'>sentehtiem</span> <span class='ocrx_word' id='word_1_261' title='bbox 1101 3421 1232 3498; x_wconf 84' lang='lat' dir='ltr'>videtur,</span> 
     </span>
     <span class='ocr_line' id='line_1_34' title="bbox 137 3501 1235 3588; baseline 0.004 -27"><span class='ocrx_word' id='word_1_262' title='bbox 137 3501 240 3562; x_wconf 75' lang='lat' dir='ltr'>lovem</span> <span class='ocrx_word' id='word_1_263' title='bbox 255 3505 381 3564; x_wconf 90' lang='lat' dir='ltr'>eundem</span> <span class='ocrx_word' id='word_1_264' title='bbox 394 3506 485 3565; x_wconf 85' lang='lat' dir='ltr'>fuisse</span> <span class='ocrx_word' id='word_1_265' title='bbox 500 3527 535 3563; x_wconf 90' lang='lat' dir='ltr'>ac</span> <span class='ocrx_word' id='word_1_266' title='bbox 548 3507 663 3584; x_wconf 85' lang='lat' dir='ltr'>Picum,</span> <span class='ocrx_word' id='word_1_267' title='bbox 687 3509 739 3588; x_wconf 93' lang='lat' dir='ltr'>qui</span> <span class='ocrx_word' id='word_1_268' title='bbox 754 3507 787 3566; x_wconf 89' lang='lat' dir='ltr'>in</span> <span class='ocrx_word' id='word_1_269' title='bbox 795 3509 933 3588; x_wconf 81' lang='lat' dir='ltr'>Assyrios</span> <span class='ocrx_word' id='word_1_270' title='bbox 944 3509 1134 3588; x_wconf 84' lang='lat' dir='ltr'>tyrannicum</span> <span class='ocrx_word' id='word_1_271' title='bbox 1150 3524 1235 3566; x_wconf 81' lang='lat' dir='ltr'>exer-</span> 
     </span>
     <span class='ocr_line' id='line_1_35' title="bbox 138 3587 1234 3672; baseline 0.004 -26"><span class='ocrx_word' id='word_1_272' title='bbox 138 3607 208 3646; x_wconf 90' lang='lat' dir='ltr'>cens</span> <span class='ocrx_word' id='word_1_273' title='bbox 224 3587 393 3667; x_wconf 86' lang='lat' dir='ltr'>imperium,</span> <span class='ocrx_word' id='word_1_274' title='bbox 419 3589 596 3670; x_wconf 82' lang='lat' dir='ltr'>flagitiisque</span> <span class='ocrx_word' id='word_1_275' title='bbox 611 3593 792 3671; x_wconf 83' lang='lat' dir='ltr'>turpissimis</span> <span class='ocrx_word' id='word_1_276' title='bbox 802 3613 924 3672; x_wconf 85' lang='lat' dir='ltr'>regnum</span> <span class='ocrx_word' id='word_1_277' title='bbox 943 3613 1029 3652; x_wconf 89' lang='lat' dir='ltr'>suum</span> <span class='ocrx_word' id='word_1_278' title='bbox 1043 3591 1234 3666; x_wconf 83' lang='lat' dir='ltr'>dedecorem,</span> 
     </span>
     <span class='ocr_line' id='line_1_36' title="bbox 133 3673 1234 3757; baseline 0.005 -27"><span class='ocrx_word' id='word_1_279' title='bbox 133 3673 250 3754; x_wconf 88' lang='lat' dir='ltr'>populo</span> <span class='ocrx_word' id='word_1_280' title='bbox 263 3675 417 3752; x_wconf 81' lang='lat' dir='ltr'>persuasit,</span> <span class='ocrx_word' id='word_1_281' title='bbox 432 3683 466 3733; x_wconf 92' lang='lat' dir='ltr'>ut</span> <span class='ocrx_word' id='word_1_282' title='bbox 483 3695 550 3734; x_wconf 90' lang='lat' dir='ltr'>eum</span> <span class='ocrx_word' id='word_1_283' title='bbox 566 3676 663 3735; x_wconf 82' lang='lat' dir='ltr'>veluti</span> <span class='ocrx_word' id='word_1_284' title='bbox 673 3678 767 3736; x_wconf 82' lang='lat' dir='ltr'>ileum</span> <span class='ocrx_word' id='word_1_285' title='bbox 779 3677 981 3757; x_wconf 81' lang='lat' dir='ltr'>praedicaret:</span> <span class='ocrx_word' id='word_1_286' title='bbox 997 3697 1032 3736; x_wconf 86' lang='lat' dir='ltr'>ao</span> <span class='ocrx_word' id='word_1_287' title='bbox 1045 3697 1138 3756; x_wconf 83' lang='lat' dir='ltr'>quum</span> <span class='ocrx_word' id='word_1_288' title='bbox 1156 3675 1234 3736; x_wconf 85' lang='lat' dir='ltr'>diem</span> 
     </span>
     <span class='ocr_line' id='line_1_37' title="bbox 135 3757 1232 3842; baseline 0.003 -27"><span class='ocrx_word' id='word_1_289' title='bbox 135 3776 223 3816; x_wconf 87' lang='lat' dir='ltr'>suum</span> <span class='ocrx_word' id='word_1_290' title='bbox 237 3757 373 3837; x_wconf 84' lang='lat' dir='ltr'>obiisset,</span> <span class='ocrx_word' id='word_1_291' title='bbox 397 3759 499 3818; x_wconf 82' lang='lat' dir='ltr'>Cretae</span> <span class='ocrx_word' id='word_1_292' title='bbox 510 3761 660 3838; x_wconf 89' lang='lat' dir='ltr'>sepultus,</span> <span class='ocrx_word' id='word_1_293' title='bbox 683 3761 800 3820; x_wconf 84' lang='lat' dir='ltr'>divinos</span> <span class='ocrx_word' id='word_1_294' title='bbox 816 3762 955 3842; x_wconf 86' lang='lat' dir='ltr'>deinceps</span> <span class='ocrx_word' id='word_1_295' title='bbox 968 3761 1094 3822; x_wconf 88' lang='lat' dir='ltr'>honores</span> <span class='ocrx_word' id='word_1_296' title='bbox 1108 3759 1160 3820; x_wconf 88' lang='lat' dir='ltr'>sub</span> <span class='ocrx_word' id='word_1_297' title='bbox 1178 3761 1232 3819; x_wconf 82' lang='lat' dir='ltr'>Jo-</span> 
     </span>
    </p>
   </div>
   <div class='ocr_carea' id='block_1_12' title="bbox 133 3840 1230 4006">
    <p class='ocr_par' dir='ltr' id='par_1_12' title="bbox 133 3840 1230 4006">
     <span class='ocr_line' id='line_1_38' title="bbox 133 3840 1230 3926; baseline 0.005 -26"><span class='ocrx_word' id='word_1_298' title='bbox 133 3840 182 3900; x_wconf 86' lang='lat' dir='ltr'>vis</span> <span class='ocrx_word' id='word_1_299' title='bbox 196 3841 395 3920; x_wconf 83' lang='lat' dir='ltr'>appellatione</span> <span class='ocrx_word' id='word_1_300' title='bbox 412 3853 518 3903; x_wconf 74' lang='lat' dir='ltr'>namus</span> <span class='ocrx_word' id='word_1_301' title='bbox 535 3855 587 3904; x_wconf 84' lang='lat' dir='ltr'>est.</span> <span class='ocrx_word' id='word_1_302' title='bbox 629 3845 757 3924; x_wconf 87' lang='lat' dir='ltr'>Videsis,</span> <span class='ocrx_word' id='word_1_303' title='bbox 779 3866 855 3926; x_wconf 86' lang='lat' dir='ltr'>quae</span> <span class='ocrx_word' id='word_1_304' title='bbox 873 3849 938 3911; x_wconf 82' lang='lat' dir='ltr'>luae</span> <span class='ocrx_word' id='word_1_305' title='bbox 949 3856 1066 3909; x_wconf 84' lang='lat' dir='ltr'>enarrat</span> <span class='ocrx_word' id='word_1_306' title='bbox 1080 3845 1230 3908; x_wconf 76' lang='lat' dir='ltr'>cedrenus</span> 
     </span>
     <span class='ocr_line' id='line_1_39' title="bbox 133 3921 572 4006; baseline 0.021 -24"><span class='ocrx_word' id='word_1_307' title='bbox 133 3921 168 3986; x_wconf 86' lang='lat' dir='ltr'>in</span> <span class='ocrx_word' id='word_1_308' title='bbox 190 3925 293 4006; x_wconf 82' lang='lat' dir='ltr'>Comp.</span> <span class='ocrx_word' id='word_1_309' title='bbox 310 3925 423 3988; x_wconf 84' lang='lat' dir='ltr'>Histor.</span> <span class='ocrx_word' id='word_1_310' title='bbox 446 3933 496 3994; x_wconf 86' lang='lat'>16.</span> <span class='ocrx_word' id='word_1_311' title='bbox 522 3933 572 3995; x_wconf 87' lang='grc'>17.</span> 
     </span>
    </p>
   </div>
   <div class='ocr_carea' id='block_1_13' title="bbox 132 4035 1339 4314">
    <p class='ocr_par' dir='ltr' id='par_1_13' title="bbox 132 4035 1339 4314">
     <span class='ocr_line' id='line_1_40' title="bbox 218 4035 1234 4132; baseline 0.004 -26"><span class='ocrx_word' id='word_1_312' title='bbox 218 4044 269 4112; x_wconf 73' lang='grc'>43.</span> <span class='ocrx_word' id='word_1_313' title='bbox 292 4038 423 4126; x_wconf 74' lang='grc' dir='ltr'><strong><em>Στήγας]</em></strong></span> <span class='ocrx_word' id='word_1_314' title='bbox 435 4035 524 4107; x_wconf 55' lang='lat' dir='ltr'>diuis</span> <span class='ocrx_word' id='word_1_315' title='bbox 537 4048 607 4108; x_wconf 80' lang='lat' dir='ltr'>roci</span> <span class='ocrx_word' id='word_1_316' title='bbox 623 4049 726 4110; x_wconf 91' lang='lat' dir='ltr'>nulius</span> <span class='ocrx_word' id='word_1_317' title='bbox 743 4069 843 4110; x_wconf 89' lang='lat' dir='ltr'>sensus</span> <span class='ocrx_word' id='word_1_318' title='bbox 861 4050 957 4131; x_wconf 85' lang='lat' dir='ltr'>aptari</span> <span class='ocrx_word' id='word_1_319' title='bbox 972 4059 1081 4132; x_wconf 85' lang='lat' dir='ltr'>potest.</span> <span class='ocrx_word' id='word_1_320' title='bbox 1124 4051 1234 4110; x_wconf 85' lang='lat' dir='ltr'>Corne-</span> 
     </span>
     <span class='ocr_line' id='line_1_41' title="bbox 132 4125 1273 4215; baseline 0.012 -29"><span class='ocrx_word' id='word_1_321' title='bbox 132 4125 191 4189; x_wconf 87' lang='lat' dir='ltr'>lius</span> <span class='ocrx_word' id='word_1_322' title='bbox 204 4130 341 4190; x_wconf 84' lang='lat' dir='ltr'>emendat</span> <span class='ocrx_word' id='word_1_323' title='bbox 353 4129 455 4214; x_wconf 66' lang='lat' dir='ltr'>aalys,</span> <span class='ocrx_word' id='word_1_324' title='bbox 478 4153 536 4210; x_wconf 82' lang='lat' dir='ltr'>qua</span> <span class='ocrx_word' id='word_1_325' title='bbox 549 4142 647 4194; x_wconf 87' lang='lat' dir='ltr'>tamen</span> <span class='ocrx_word' id='word_1_326' title='bbox 661 4135 778 4196; x_wconf 83' lang='lat' dir='ltr'>ratione</span> <span class='ocrx_word' id='word_1_327' title='bbox 799 4145 829 4194; x_wconf 89' lang='lat' dir='ltr'>et</span> <span class='ocrx_word' id='word_1_328' title='bbox 852 4156 913 4215; x_wconf 90' lang='lat' dir='ltr'>quo</span> <span class='ocrx_word' id='word_1_329' title='bbox 934 4156 1041 4212; x_wconf 79' lang='lat' dir='ltr'>eursu,</span> <span class='ocrx_word' id='word_1_330' title='bbox 1062 4155 1125 4194; x_wconf 89' lang='lat' dir='ltr'>non</span> <span class='ocrx_word' id='word_1_331' title='bbox 1139 4135 1233 4196; x_wconf 84' lang='lat' dir='ltr'>intel·</span> <span class='ocrx_word' id='word_1_332' title='bbox 1270 4191 1273 4200; x_wconf 86' lang='lat'><strong>.</strong></span> 
     </span>
     <span class='ocr_line' id='line_1_42' title="bbox 132 4209 1339 4314; baseline 0.007 -43"><span class='ocrx_word' id='word_1_333' title='bbox 132 4209 201 4290; x_wconf 80' lang='lat' dir='ltr'>ligo.</span> <span class='ocrx_word' id='word_1_334' title='bbox 254 4214 403 4296; x_wconf 80' lang='lat' dir='ltr'>Equidem</span> <span class='ocrx_word' id='word_1_335' title='bbox 430 4217 608 4297; x_wconf 83' lang='lat' dir='ltr'>corrigerem</span> <span class='ocrx_word' id='word_1_336' title='bbox 629 4219 748 4298; x_wconf 76' lang='grc' dir='ltr'><strong><em>στέξας,</em></strong></span> <span class='ocrx_word' id='word_1_337' title='bbox 777 4221 851 4281; x_wconf 88' lang='lat' dir='ltr'>adeo</span> <span class='ocrx_word' id='word_1_338' title='bbox 876 4229 909 4282; x_wconf 92' lang='lat' dir='ltr'>ut</span> <span class='ocrx_word' id='word_1_339' title='bbox 929 4212 971 4314; x_wconf 75' lang='grc' dir='ltr'>ἦν</span> <span class='ocrx_word' id='word_1_340' title='bbox 989 4220 1092 4298; x_wconf 67' lang='grc' dir='ltr'><strong><em>στίξας</em></strong></span> <span class='ocrx_word' id='word_1_341' title='bbox 1117 4221 1234 4282; x_wconf 87' lang='lat' dir='ltr'>indicet</span> <span class='ocrx_word' id='word_1_342' title='bbox 1335 4271 1339 4279; x_wconf 73' lang='grc'><strong><em>,</em></strong></span> 
     </span>
    </p>
   </div>
   <div class='ocr_carea' id='block_1_14' title="bbox 0 0 1484 4850">
    <p class='ocr_par' dir='ltr' id='par_1_14' title="bbox 0 0 1484 4850">
     <span class='ocr_line' id='line_1_43' title="bbox 0 0 1484 4850; baseline 0 3"><span class='ocrx_word' id='word_1_343' title='bbox 0 0 1484 4850; x_wconf 95' lang='lat' dir='ltr'> </span> 
     </span>
    </p>
   </div>
  </div>
 </body>
</html>
