2959 4850
276 281 321 334 n
707 269 744 338 C.
763 269 799 338 Β.
819 265 951 337 nasu·

277 434 384 513 donio,
406 429 599 514 Chryeelora,
620 427 777 491 Theodoro
791 428 887 505 Gaea,
908 423 1129 505 Chalcondyla,
1149 424 1183 486 id
1203 443 1295 504 genna
1310 421 1361 484 di-

188 523 191 530 ¹
277 538 365 600 cendi
386 543 519 618 apr-etum
543 541 587 594 eet
606 552 641 591 ac
661 533 823 614 repulsum.
865 517 962 590 Simul
978 527 1069 586 iidem
1082 525 1179 606 ⁴primi
1198 535 1362 608 coeperunt

184 641 215 696 Ρ.
230 642 264 695 tx
280 642 377 702 minoe
395 637 542 700 serviliter
560 643 695 696 veterum
715 635 829 714 stylum
849 653 886 694 ac
907 629 1058 692 ecribendi
1078 630 1223 694 rationem
1238 629 1361 690 imitari.

274 745 348 806 Nam
366 749 442 818 ente,
454 738 547 801 veluti
562 745 697 797 emortua
709 737 819 816 lingua,
836 735 893 795 eibi
905 734 964 815 ipei
978 731 1155 792 diffidebant
1170 734 1231 793 iere
1242 751 1362 808 ennea,

219 915 221 920 ,
276 854 307 906 et
324 851 410 904 erant
420 851 560 921 tanquam
572 837 704 899 anniculi
717 838 856 914 inianter,
878 836 929 916 qui
940 834 1060 896 nonniei
1071 835 1105 893 in
1119 833 1288 910 currinrlo,
1311 839 1364 891 ent

275 953 435 1029 praeeunte
456 943 547 1020 duce,
569 940 762 1002 inambulant.
803 940 870 999 lion
889 957 1048 1019 perennem
1062 954 1098 996 ec
1111 945 1284 1018 perpetuam
1297 941 1363 994 tum

277 1049 455 1130 eimplicium
471 1054 534 1106 tnm
549 1045 762 1103 collocatorum
778 1042 936 1103 verborum
954 1051 985 1102 et
996 1041 1088 1101 totina
1101 1047 1270 1100 structurae
1286 1054 1365 1096 con-
1474 1110 1475 1123 2

278 1152 449 1212 cinnitatem
468 1163 683 1223 numerumque
705 1143 948 1220 aemulabantur,
967 1165 1029 1204 non
1052 1142 1157 1223 (quod
1170 1149 1261 1220 caput
1280 1134 1364 1217 eret)

228 1237 233 1259 ⁸
277 1253 391 1314 animoa
415 1259 528 1312 erector
542 1257 687 1308 veterum:
709 1246 762 1306 aed
776 1247 803 1306 ei
817 1267 891 1326 quoe
905 1246 1112 1306 exietimahent
1129 1242 1294 1304 imitatione
1314 1239 1367 1300 di-

277 1375 367 1435 gnoa,
387 1359 489 1414 e'orum
510 1349 631 1432 phraeee
652 1347 786 1428 undique
809 1358 940 1430 arreptae
953 1348 992 1407 ad
1008 1347 1133 1410 verbnm
1149 1345 1368 1406 tranelerebent

276 1457 309 1518 in
338 1457 464 1538 propria
490 1455 610 1532 ecripta.
651 1451 751 1530 Neque
772 1450 831 1510 alio
852 1459 942 1532 pecto
961 1451 1021 1510 Leo
1044 1451 1113 1529 egit.
1154 1448 1369 1543 Verumtamen

275 1559 356 1620 inter·
377 1579 444 1619 enm
468 1565 498 1616 et
518 1553 653 1633 aequales
673 1553 765 1634 ipeine
788 1552 866 1612 illud
884 1552 1025 1628 interest,
1048 1552 1130 1631 quod
1148 1553 1199 1629 hi,
1220 1558 1368 1630 qnantum

276 1669 398 1741 poreent
405 1704 414 1737 ,
436 1677 537 1718 omnee
549 1653 765 1737 propemodum
778 1655 911 1714 emnium
923 1665 1079 1717 auctorum
1091 1655 1238 1714 nobilium
1252 1669 1368 1712 conen-

276 1772 393 1824 merent
412 1759 527 1820 erculee
548 1757 707 1833 imitando,
730 1757 836 1816 Leonie
857 1777 953 1816 eermo
965 1777 980 1816 e
993 1757 1088 1816 tribue
1102 1757 1219 1815 demum
1230 1752 1368 1814 iontibue

275 1863 416 1941 fluxerit,
438 1881 477 1922 ex
489 1860 710 1921 versionem.
724 1858 920 1939 interpretum
941 1858 1049 1937 (libror
1066 1858 1139 1918 nori
1154 1856 1294 1918 Foederie
1310 1855 1369 1913 mi·

274 1983 333 2024 nne
349 1964 453 2025 crebro
474 1957 647 2048 compilat),
669 1981 706 2020 ex
721 1961 869 2038 Homero,
891 1982 930 2020 ex
940 1953 1064 2039 A'gathia
1077 1959 1250 2040 Myrinenei.
1292 1955 1370 2016 [nde

274 2064 407 2145 piacetue
424 2073 468 2124 eet
478 2064 654 2142 locutionee,
676 2063 785 2143 quibua
799 2063 911 2144 ecripta
924 2061 1045 2122 infercit
1058 2071 1089 2121 et
1100 2063 1203 2141 explet
1216 2081 1280 2137 aua,
1298 2068 1368 2118 tan·

276 2183 365 2244 quem
386 2165 419 2224 in
442 2183 538 2225 unum
559 2185 662 2244 agrum
681 2167 772 2246 plura
795 2149 876 2224 iliter
900 2185 932 2224 ee
947 2164 1068 2224 inimica
1089 2185 1229 2245 epargene
1244 2163 1367 2224 eenrina.

275 2264 332 2324 Sed
355 2283 418 2322 nou
437 2267 530 2325 refert
548 2267 644 2324 alieno
658 2275 768 2326 ornatu
785 2265 968 2342 distinguere
990 2277 1171 2342 emmonem,
1192 2264 1253 2324 niei
1274 2283 1367 2342 quere

275 2365 309 2427 id
332 2383 400 2427 enm
420 2364 533 2427 iudicio
548 2376 673 2448 apteque
697 2367 807 2425 lacere:
828 2366 986 2445 minaeque
999 2385 1090 2443 genua
1105 2366 1223 2427 dicendi
1237 2366 1368 2428 eiueri-

276 2466 397 2529 deretnr
409 2466 631 2545 inconcinnum,
648 2469 683 2545 ei,
705 2465 841 2547 depoeito
855 2468 937 2527 omni
950 2467 1112 2527 rhetoricae
1127 2469 1267 2549 etrepitn‚
1290 2469 1370 2527 Con·

276 2568 401 2630 etantini
411 2567 689 2648 Porphyrogenetee
699 2570 836 2649 exemplo
850 2553 950 2629 valed
964 2570 1082 2630 infimae
1100 2570 1195 2651 plebia
1203 2570 1368 2631 orationem

276 2672 335 2731 Leo
358 2690 419 2729 aeae
438 2670 605 2734 deiecieeet.
647 2672 677 2731 Ie
697 2681 802 2731 contra
820 2672 959 2751 Agathia,
981 2673 1066 2733 cuiue
1077 2673 1369 2752 grandiloquentianr

275 2779 307 2831 et
328 2769 508 2830 cothurnum
526 2772 581 2833 rix
601 2794 684 2833 nunc
706 2774 843 2851 ferimur,
873 2776 995 2836 videtur
1015 2777 1175 2856 praecipue
1194 2776 1366 2836 delectatne.

274 2872 343 2934 Hoc
356 2872 559 2934 demenetr'ari
572 2874 669 2934 alletia
682 2875 715 2933 in
731 2876 950 2937 Commentario
964 2878 1059 2954 (velut
1072 2883 1143 2944 206.
1161 2876 1208 2958 C.)
1221 2878 1303 2937 illiue
1315 2878 1367 2937 lo-

253 2966 256 2972 ’
275 2976 334 3052 cie,
358 2994 420 3034 non
430 2975 540 3054 ubique
557 2984 671 3037 temen:
692 2998 763 3037 nam
775 2980 874 3039 omnia
887 2980 1009 3039 minima
1021 2980 1151 3039 maxima
1164 2979 1288 3057 vertigia
1298 2975 1366 3039 inii-

273 3076 396 3135 tationie
420 3077 559 3155 colligere
581 3079 721 3157 putidum
735 3090 797 3140 erat
815 3100 872 3141 nec
884 3082 1069 3141 conducebat
1082 3081 1243 3161 quicquam
1257 3081 1296 3140 ad
1308 3101 1365 3140 au-

275 3176 368 3235 ctorie
393 3196 462 3235 curn
485 3178 759 3258 interpretationem
783 3191 848 3242 turn
865 3183 1109 3243 emendationem.
1156 3182 1181 3243 Ε
1207 3182 1365 3263 Procopio,

274 3276 418 3339 ieiuniere
440 3277 519 3357 etylo
542 3299 589 3339 ree
603 3290 767 3359 tractante,
788 3281 866 3341 nihil
877 3283 998 3345 videtur
1012 3286 1149 3345 eumaieee
1161 3294 1280 3365 preeter
1294 3304 1365 3344 aen·

273 3378 415 3438 anticlea
437 3380 595 3459 quaedam,
617 3384 741 3445 exordio
758 3394 788 3444 et
802 3386 985 3449 orationrbue
999 3389 1109 3468 paeeim
1123 3388 1258 3449 incertae.
1300 3386 1364 3445 Ne-

275 3498 334 3557 que
348 3500 470 3559 nequam
482 3482 546 3543 ullo
565 3484 691 3563 vestigio
704 3485 925 3567 deprehendere
938 3491 1020 3568 licet,
1033 3490 1190 3570 primarios
1203 3488 1364 3569 ecriptorea
1405 3477 1409 3484 ’

273 3578 497 3667 'iltucydidem‚
521 3558 692 3665 Polybium,
714 3589 925 3667 Plutarchum,
947 3591 984 3649 ab
1007 3612 1042 3650 eo
1061 3611 1126 3649 eeee
1147 3591 1363 3670 pervolutatoe.

274 3682 427 3743 Praeterea
446 3684 575 3764 reperiee
592 3687 625 3745 in
644 3708 677 3747 eo
701 3690 877 3771 plerumque
890 3697 1025 3766 τοιοῦτος
1038 3692 1183 3771 potitum,
1205 3693 1257 3753 ubi
1270 3693 1365 3753 Attici
1474 3683 1475 3686 ¹

274 3776 362 3858 odrae
378 3784 576 3865 ecripeieeent.
619 3788 762 3851 Similiter
786 3814 874 3852 neum
896 3794 1108 3856 creberrimum
1133 3796 1369 3876 praepoaitioniq

272 3880 364 3955 eme,
386 3906 442 3965 pro
454 3886 500 3951 ἐν·
521 3888 623 3965 velut,
645 3900 680 3949 ut
698 3891 757 3953 hoc
776 3904 862 3971 utar,
885 3898 956 3960 108.
978 3897 1009 3955 C.
1025 3892 1176 3969 τοῖςκατῶ
1192 3892 1362 3979 reinildae

273 3980 476 4075 denominaret,
503 3990 715 4051 rebellantibue
736 3998 770 4053 in
790 3997 890 4061 Aria:
924 3994 1034 4056 verum
1056 3995 1132 4057 haee
1153 3999 1181 4060 ei
1195 3999 1362 4059 communia

274 4106 343 4147 cunr
357 4091 479 4150 caeteris
487 4091 668 4171 Byzantinia.
688 4096 769 4182 Illud
782 4098 942 4177 peculiare,
956 4118 1068 4179 ponere
1081 4100 1265 4161 infinitivum
1281 4102 1362 4161 func

271 4187 309 4266 ri,
330 4187 384 4249 ubi
398 4190 500 4252 eorieti
512 4195 562 4256 vel
572 4199 736 4276 praesentia
752 4208 919 4282 erepectee,
939 4202 1102 4282 praecipua
1112 4212 1182 4284 poet
1194 4197 1362 4284 βούλεσθαι
