2959 4850
148 326 153 333 ·
258 310 317 378 on
336 272 490 378 axrnn.
506 304 595 375 srn.
615 304 699 374 nrc.
720 305 848 373 enoc.
869 306 931 374 nr
949 307 1005 373 10.
1026 282 1148 375 nnn.
1194 299 1269 371 ora

176 469 300 531 abaram
322 467 451 529 dacinrr‘.
495 464 571 525 Inde
592 464 873 546 Conatantinopolin
892 448 1016 525 mianum
1030 485 1108 527 anno
1128 465 1193 533 354
1207 489 1266 548 pa-

175 570 288 647 tricia,
309 589 384 648 quoa
404 566 539 649 captivos
553 568 680 647 fecerat,
701 567 795 646 datie,
817 566 1003 629 Saiieddaula
1024 586 1093 628 anm
1114 588 1181 629 cnm
1202 568 1267 629 aliia

176 668 334 736 redimit„

257 762 404 835 Abortae·
414 774 498 835 Tam.
509 772 546 849 11,
554 792 585 853 p.
593 770 672 840 469:
686 772 821 850 „Eodem
834 792 913 833 anno
926 772 990 847 (ie.
1004 791 1082 831 anno
1095 771 1182 849 fugae
1194 772 1268 850 349,

174 874 228 956 qui
241 879 263 940 Ξ
276 874 377 935 Martii
389 876 424 937 Δ.
440 876 472 935 C.
487 881 550 943 960
565 875 676 954 coepit)
692 875 853 956 impetebat
867 874 1054 937 Seiieidanla
1067 872 1268 933 Hamdanidea

173 977 337 1039 Romanam
351 978 495 1039 ditionem
504 996 583 1039 nova
594 976 779 1054 incineione,
800 978 920 1060 ingente
933 1000 1002 1041 cum
1018 974 1164 1051 exncitn5
1185 972 1268 1034 anbi-

173 1079 261 1159 pebat
273 1080 362 1141 urbae
378 1090 408 1141 et
421 1098 519 1155 arcea,
540 1079 664 1157 urebat,
686 1080 837 1161 vectabat,
857 1084 1027 1145 trucidabat
1039 1077 1192 1153 bominea,
1213 1093 1269 1155 pe-

175 1200 245 1241 cora
273 1190 302 1242 et
330 1181 465 1242 hominen
494 1181 645 1261 abigebat,
676 1181 871 1247 Charaianum
895 1182 924 1267 *)
953 1204 1050 1265 unque
1079 1178 1268 1263 procedebat.

174 1281 234 1341 Sed
246 1282 380 1343 redituro
394 1284 515 1345 domum
528 1284 758 1364 intercipiebant
772 1288 879 1349 Graeci
891 1288 973 1351 viam
984 1307 1040 1369 per
1051 1284 1155 1365 pylas,
1176 1298 1269 1359 eaque

173 1382 289 1443 ratione
303 1404 365 1444 non
378 1394 495 1445 tantum
511 1406 563 1445 aua
582 1388 796 1468 recuperabant
812 1388 928 1467 omnia,
954 1388 1046 1449 etiam
1057 1384 1151 1445 boetia
1168 1382 1271 1465 potia-

173 1481 283 1543 bantur
305 1484 544 1565 impedimentis,
571 1497 600 1547 et
628 1507 716 1566 quam
747 1492 827 1571 paaai
848 1491 982 1566 inerant,
1014 1489 1162 1548 iacturam
1187 1494 1271 1547 tanta

173 1586 404 1665 compensabant
421 1589 455 1649 in
475 1588 681 1649 Seiieddaulae
702 1591 805 1671 copiae
829 1592 909 1651 edita
929 1601 1043 1669 strage,
1070 1599 1107 1651 ut
1125 1590 1191 1670 ipae
1214 1590 1271 1649 vix

173 1706 244 1747 cum
266 1690 406 1751 mecentio
430 1692 528 1754 aalrua
549 1690 697 1752 evaderet.
739 1692 776 1753 ld
790 1694 928 1753 futurum
945 1692 1270 1773 praeviderantramm

172 1787 347 1851 bellicarum
373 1792 558 1875 iatorumque
578 1795 716 1855 locorum
743 1814 800 1855 nau
821 1793 928 1875 periti,
958 1802 1169 1873 annonamque
1192 1800 1289 1875 pro-'

172 1898 274 1971 pterea
293 1893 509 1974 Hamdanidoe,
539 1896 713 1974 nolletvia,
742 1917 801 1976 qna
820 1895 907 1972 iacet,
940 1894 1045 1955 eadam
1058 1896 1166 1957 redire.
1211 1896 1268 1957 Illa

172 2010 246 2053 vero
269 2006 423 2075 spreverat
444 1997 621 2077 concilium,
656 1999 706 2059 vir
730 1999 812 2059 aolua
834 1997 892 2056 aibi
910 1996 1042 2077 capiano,
1069 1997 1268 2059 monitoribaa

173 2114 276 2175 asper,
304 2098 358 2177 qui
376 2100 474 2159 omnia
494 2120 549 2180 per
568 2120 614 2178 aa,
632 2099 752 2161 neruine
772 2098 927 2174 conanlto,
948 2118 1049 2177 gerare
1065 2100 1199 2177 volebat,
1218 2120 1267 2179 na,

172 2196 199 2256 ai
215 2198 287 2277 quid
296 2201 341 2261 rei
356 2220 500 2284 prospera
513 2202 699 2283 succederet,
719 2201 754 2261 id
766 2198 1006 2261 consiliariorum
1017 2200 1191 2285 sapientiae,
1202 2222 1267 2264 non

171 2317 259 2380 auae,
279 2302 505 2383 imputaretur?

256 2401 368 2466 Dabam
379 2403 502 2470 Bonnae
516 2403 555 2468 ad
572 2404 708 2468 Rhenum
724 2402 773 2468 die
784 2406 827 2472 28
839 2400 929 2466 lanii.

172 2769 198 2835 1.
219 2767 287 2839 EX
309 2773 562 2844 GREGORII
581 2773 980 2944 ἈὲΒΥῑΙῙὶΙῐΡὲὲΒΔῦΙΙ
1002 2772 1266 2842 CHRONICO

727 2881 755 2944 Δ
830 2925 839 2944 .

323 3037 326 3044 ’
419 3030 478 3102 (ct
496 3031 537 3089 et
554 3030 659 3088 Bromii
674 3035 702 3084 et
718 3028 836 3086 Kiracbii
851 3046 880 3102 p.
898 3031 949 3088 197
965 3027 1038 3102 sqq.)

253 3265 297 3326 Eo
313 3287 390 3328 anno
414 3269 563 3354 (Arabum
576 3270 660 3355 348)
683 3270 737 3353 qui
761 3272 945 3332 Graecorum
968 3273 1266 3348 est1272,mortu0

171 3385 239 3445 rege
253 3369 464 3450 Constantino,
485 3395 609 3454 regnare
632 3375 731 3457 coepit
747 3375 828 3435 filine
844 3374 906 3436 eiua
920 3375 1087 3447 Romanus,
1109 3371 1161 3450 qni
1180 3390 1267 3430 aena-

169 3477 235 3528 tum
262 3471 401 3552 virosque
421 3475 574 3556 principes
592 3479 724 3539 multum
742 3477 923 3555 honoravit,
951 3497 1020 3556 erga
1041 3494 1144 3535 omnen
1171 3483 1268 3533 autem

168 3571 374 3650 magnanimae
402 3575 471 3635 fuit.
520 3578 564 3637 Eo
584 3601 663 3641 anno
684 3580 787 3659 lonea,
818 3579 869 3660 qui
891 3579 979 3639 etiam
1001 3573 1265 3654 Scbumnachcbig‚

170 3673 236 3732 dux
252 3677 416 3754 exercitae,
438 3685 468 3737 et
484 3677 688 3762 Nicephorue,
711 3681 909 3758 domeaticua,
936 3674 1019 3739 miani
1039 3676 1075 3736 ab
1095 3697 1131 3737 ao
1144 3676 1267 3736 inbra-

169 3777 243 3836 bum
266 3777 358 3854 tinea,
379 3779 528 3860 progreeai
544 3792 615 3843 aunt
629 3801 727 3863 noque
741 3783 781 3844 ad
792 3783 930 3859 Abiram,
951 3779 1048 3857 unde,
1074 3778 1183 3839 occiaia
1205 3781 1267 3844 10⁰

168 3877 333 3958 militibus,
356 3891 385 3941 et
404 3879 534 3943 incenaia
552 3885 705 3965 frngibua,
735 3905 804 3946 cam
825 3883 949 3963 triginta
972 3882 1099 3964 captivit
1120 3881 1267 3942 abierunt.

169 3977 386 4063 Sipboddaula,
400 3981 623 4066 HalebiEmira,
639 4007 707 4048 cum
721 3991 957 4067 8000egreaaaa‚
967 3985 1164 4049 Caracbenam
1176 4001 1269 4064 quum
1349 4041 1354 4063 ί

104 4129 109 4139 .
168 4083 370 4165 pervenisset,
397 4095 587 4168 permagnam
603 4090 748 4173 praedam
767 4089 841 4152 inde
864 4089 1001 4152 abduxit.
1042 4089 1166 4164 Rednx,
1193 4103 1269 4167 pra·

203 4283 230 4354 ')
245 4283 264 4340 i.
282 4303 306 4344 a.
322 4285 514 4357 orantum,
530 4289 619 4350 arbem
635 4291 743 4352 ditionii
755 4295 878 4350 Graecae
888 4309 971 4365 prope
983 4289 1147 4348 bialatbian·
1161 4285 1236 4341 boen
