2959 4850
279 313 372 393 6⁰0.
517 333 521 346 '
618 325 656 393 C.
676 327 712 393 B.
733 323 849 394 HASII
868 325 1022 394 NOTAE

278 488 351 566 tago
373 493 479 544 contra
499 489 597 546 nieme
617 487 780 546 luctantee.
824 485 926 544 Nulla
944 496 1026 544 terra
1044 484 1097 544 teto
1116 479 1282 544 eadelm
1299 507 1371 562 eeee,

279 591 374 652 neque
388 572 441 629 nia
458 576 590 632 unitata:
617 575 686 652 equi
704 571 750 630 ad
764 571 876 630 collum
894 591 988 650 aeque
1005 591 1067 630 non
1086 571 1293 650 apparebant:
1318 574 1372 629 iu·

281 665 389 729 marta,
410 661 553 734 quamoie
566 669 690 716 extremo
706 661 827 738 agmine
839 657 1070 736 eabeequentia,
1092 655 1264 733 betenbant,
1285 659 1372 714 mul-

169 745 179 764 *
282 753 373 821 taque
392 741 437 800 ibi
456 743 711 824 relinquebantur.
753 744 875 802 Etenim
889 740 1047 800 dicebatur
1062 740 1299 800 niacubitorum
1318 761 1371 803 tr.

139 831 143 838 ’
280 824 461 904 altitudine,
482 839 603 908 eratque
626 828 660 888 di
714 828 816 886 illirna
832 831 977 887 traneitu.
1020 827 1071 888 tte
1087 827 1179 886 moui
1193 847 1230 884 ea
1247 829 1372 884 τοηιὶτί·

280 911 339 972 bue
359 909 484 970 domum
507 933 538 971 ce
560 913 766 989 contulerunt,
790 911 875 992 qeeod
891 914 1098 972 calamitatem
1117 913 1182 970 vim
1198 911 1373 970 numanam

279 1016 422 1076 euperare
436 997 675 1062 arbitrabantur.
717 999 821 1077 Atque
834 1009 899 1055 erat
913 1001 1051 1076 profecto
1069 1001 1191 1056 ineueta
1209 1017 1371 1072 aerumna,

281 1083 411 1140 miceriie
425 1080 560 1164 undique
562 1086 632 1161 sere
644 1083 872 1164 ingruentibuee
892 1085 977 1160 insro
991 1095 1057 1141 tam
1068 1084 1136 1140 alta
1146 1090 1176 1140 et
1186 1085 1291 1160 epieea
1302 1085 1369 1154 nire,

279 1185 405 1244 euperne
411 1169 528 1247 flantes
541 1173 622 1229 venti
637 1169 902 1228 inclementieeieni.
946 1169 1049 1247 Neque
1063 1168 1134 1227 ulla
1149 1170 1269 1246 eperari
1276 1177 1370 1245 pote-

280 1262 332 1308 rat
345 1251 497 1311 malorum
513 1253 720 1334 intercapedo,
741 1273 794 1310 nec
806 1251 887 1310 unde
899 1255 970 1331 quie
982 1253 1132 1312 mliorem
1145 1261 1264 1310 etatum
1274 1273 1369 1309 aeee-

280 1346 419 1415 queretur
439 1335 558 1418 (omnia
574 1340 703 1398 inutilia
724 1349 753 1395 et
766 1340 959 1414 insmctuoea
973 1359 1033 1396 eeee
1046 1338 1098 1396 leie
1115 1341 1148 1395 in
1160 1338 1253 1395 malie
1265 1357 1369 1415 appa-

280 1419 396 1502 rebat),
428 1425 519 1482 nulla
543 1435 608 1482 erat
620 1424 763 1502 facultae
781 1426 867 1502 ignee
888 1421 1084 1498 accendendi,
1112 1442 1165 1480 nec
1185 1425 1370 1501 requieeaere

278 1507 327 1566 vel
341 1509 502 1566 minimum
520 1513 656 1586 epatium
666 1507 859 1586 permittebat
870 1507 958 1566 nobie
975 1510 1037 1568 nix.
1078 1501 1154 1591 (IV.)
1175 1503 1369 1566 Accedebant

278 1602 369 1649 noctu
394 1603 482 1651 acuta
502 1613 561 1672 pro
585 1593 754 1652 cubilibuee
782 1591 857 1650 leaec
868 1613 929 1670 pro
957 1591 1096 1651 omnibue
1117 1591 1316 1670 habebamus,
1336 1603 1369 1649 et

273 1695 334 1754 pro
359 1677 510 1756 coagentia
530 1690 557 1735 et
575 1699 633 1758 pro
653 1678 813 1756 opertoriie
833 1676 1099 1756 eplendidieeimie.
1142 1678 1181 1738 In
1200 1679 1268 1735 illie
1286 1679 1370 1735 enim

278 1779 388 1837 corpur
408 1759 453 1818 ad
470 1764 585 1841 ignare,
614 1781 667 1820 nec
686 1763 777 1820 illam
796 1761 998 1840 eplendidane,
1019 1763 1276 1840 refocillabamue.
1307 1765 1369 1821 So-

277 1863 380 1904 mnum
400 1847 470 1906 vieo
488 1867 542 1926 per
562 1849 691 1927 quietem
710 1851 912 1923 ocaerrnetia,
934 1851 1024 1928 quaet
1045 1852 1194 1905 timentem
1213 1849 1274 1905 illa
1289 1867 1370 1927 quc·

278 1949 347 2008 que,
381 1934 557 1990 univercum
580 1933 778 2012 fugaverant.
832 1934 936 2012 Neque
956 1936 1119 2014 quiequam
1142 1935 1244 2012 magia
1272 1951 1368 2012 quarn

276 2013 360 2072 aliua
373 2013 418 2072 ad
428 2035 589 2075 aerunueae
606 2015 809 2076 obduruerat.-
829 2037 930 2076 omnee
946 2029 1034 2076 erant
1049 2029 1086 2076 ut
1100 2021 1133 2076 in
1145 2019 1300 2076 communi
1312 2037 1368 2076 aa·

278 2098 417 2157 lumitate
435 2121 526 2180 aeque
542 2113 571 2160 et
590 2104 693 2160 animo
709 2111 736 2160 et
750 2121 872 2181 corpore
882 2103 1006 2184 afflicti.
1046 2103 1141 2174 Atiae
1160 2103 1263 2162 tenen
1272 2123 1367 2181 prae·

276 2181 402 2241 dicabat
413 2197 565 2262 mortuae,
588 2197 627 2245 ut
642 2190 705 2245 iarn
724 2207 815 2245 eeneu
834 2185 1048 2268 doloribusque
1065 2187 1224 2246 liberatoe:
1246 2188 1366 2246 hnm-

275 2266 400 2327 tabatur
419 2271 504 2328 aliae
520 2283 672 2350 poeteroe,
694 2272 805 2351 quibua
825 2276 957 2330 mieeriie
972 2275 1105 2352 oppreeei
1123 2273 1174 2331 illi
1186 2293 1305 2353 quoque
1316 2275 1366 2330 oi·

275 2360 310 2408 to
323 2365 417 2411 eeeent
436 2353 619 2432 defuncturi.
662 2357 736 2415 Item
747 2357 849 2416 labori
863 2358 1084 2417 euccubuerant
1094 2359 1294 2438 repleratcree
1305 2378 1364 2416 nos=

273 2440 344 2513 etri,
368 2442 402 2497 oi
423 2442 500 2498 mali
514 2445 605 2517 victi,
627 2463 679 2501 nee
693 2464 751 2521 per
770 2446 869 2501 nivem
891 2448 1003 2503 ineerta
1016 2440 1124 2524 gradu
1140 2454 1274 2502 errantee
1288 2464 1365 2523 pro-

271 2520 361 2601 gredi
377 2533 528 2603 poterant.
571 2530 717 2587 Omnium
737 2539 839 2586 autem
859 2530 1087 2589 acerbieeimum
1107 2539 1188 2602 erat,
1212 2527 1299 2607 quod
1304 2550 1365 2609 per

272 2611 421 2685 regionem
443 2610 593 2669 boeticam
612 2615 668 2670 iter
681 2612 894 2691 faciebamus,
915 2636 1009 2694 neque
1028 2612 1099 2673 inde
1122 2624 1207 2671 naret
1233 2633 1281 2672 ree
1303 2634 1364 2673 no-

173 2757 178 2771 ,
272 2703 352 2751 atrae
372 2698 509 2771 periculo
529 2716 662 2775 nocuae,
688 2696 746 2756 eed
769 2702 888 2777 pariter
913 2700 1022 2758 hamis
1039 2699 1232 2779 boetiumque
1244 2700 1364 2759 vunn-

272 2780 319 2835 tia
333 2778 502 2840 timebatur.

356 2878 414 2939 Hic
438 2882 610 2962 imperfecte
632 2882 741 2945 desinit
768 2884 964 2963 fragmentum
985 2886 1079 2967 priua.
1128 2884 1271 2964 Sequimr
1290 2894 1363 2965 poet

272 2963 464 3043 quadraginta
482 2967 601 3027 circiter
623 2968 693 3027 solia
716 2970 862 3047 alterum,
890 2972 991 3031 eadem
1013 2970 1234 3032 intricatissiene
1256 2990 1359 3047 manu,

150 3078 154 3087 ·
272 3049 371 3126 quod,
392 3058 428 3108 ut
448 3060 491 3111 cet
515 3052 583 3112 loco
604 3052 638 3111 in
663 3052 733 3115 cod.
755 3055 922 3134 posteriue,
943 3057 986 3115 ita
1009 3054 1200 3137 praecedenti
1229 3054 1360 3115 eubiun-

270 3150 327 3208 go:
348 3134 465 3193 tametsi
484 3137 608 3195 fonaeee
628 3138 666 3197 ad
682 3149 798 3219 tempue
817 3140 993 3200 antecedens
1010 3140 1151 3223 pertinet
1194 3140 1286 3218 Gene,
1308 3140 1360 3200 cni

269 3214 332 3274 dux
356 3215 409 3274 ille
419 3262 428 3294 ,
458 3218 590 3298 quiaquia
612 3230 674 3297 eet,
706 3224 851 3303 oppidum
882 3224 941 3284 eibi
975 3226 1164 3285 commieeum
1186 3224 1358 3303 tradiderit,

268 3318 344 3377 quae
364 3298 420 3377 eit,
440 3302 573 3365 viderint
595 3304 693 3381 docti,
715 3317 882 3387 temporum
900 3310 1090 3393 partiumque
1106 3311 1229 3369 illarum
1250 3310 1358 3389 cogni-

266 3384 377 3443 tionem
394 3406 462 3445 cum
480 3388 623 3469 prudenti
638 3388 749 3449 iudicio
766 3394 987 3471 coniungentes.
1029 3396 1104 3456 Rem
1121 3395 1155 3455 in
1172 3393 1356 3455 chananeae

266 3467 392 3529 Taurica
412 3472 473 3550 geri
495 3472 624 3532 declarat
641 3475 750 3534 mentio
769 3478 931 3539 Clematum
947 3482 1018 3547 258.
1037 3480 1067 3538 B.
1088 3480 1183 3540 iacta:
1205 3482 1357 3561 scripum

268 3561 313 3612 eet
333 3556 437 3632 ligata,
461 3578 548 3636 quam
566 3568 693 3635 vocant,
721 3582 797 3643 saec,
816 3584 847 3625 x.
868 3573 921 3624 aut
942 3584 987 3625 11.
1027 3558 1136 3645 Ἀρχήν
1152 3562 1208 3647 γὰρ
1229 3562 1268 3646 δή
1289 3559 1356 3629 τότε

152 3646 183 3701 P.
197 3648 249 3709 257
264 3644 327 3712 τοῖς
343 3635 509 3725 βάρβᾶροις
517 3649 657 3723 πολεμεῖν
670 3642 800 3727 ἔγνωμεν
809 3652 835 3727 *)
853 3643 885 3728 ἢ,
898 3650 927 3711 el
942 3650 991 3713 δεῖ
1000 3673 1029 3711 τι
1042 3645 1162 3729 adtrito}
1175 3643 1283 3727 φάναι,
1296 3650 1355 3713 tet

267 3740 370 3799 σαντες
387 3722 419 3789 eo'
439 3723 480 3807 μὴ
501 3734 622 3811 φθῆναι
644 3724 704 3791 ain'
722 3726 823 3794 adacio
842 3728 1064 3816 ἆναιρεθὲντες,
1094 3728 1278 3815 ἐπέστημεν,
1300 3734 1355 3797 nai

263 3801 366 3883 αὐτοῖς
376 3805 412 3873 eo*
429 3808 558 3876 derceio
576 3808 782 3897 ἐπιτετάχθαι
797 3816 1014 3899 diarodinam,
1035 3813 1151 3891 πάντας
1164 3816 1275 3899 ὁμοίως
1286 3822 1353 3899 λεη-

260 3889 430 3957 λατούντων
443 3896 494 3958 καὶ
508 3900 770 3983 διαφθειρομένων
787 3896 1067 3982 increpandam,
1090 3898 1190 3988 ὅσπερ
1207 3901 1275 3966 τινὰ
1288 3910 1353 3983 θη·

260 3976 312 4079 cla
331 3974 406 4039 nard
421 3974 542 4081 ndreae
561 3981 617 4063 τήν
637 3982 732 4067 ὁρμήν
748 3982 948 4050 ἕνδεικνύντα.
992 3984 1072 4051 oitt
1087 3984 1144 4094 poio
1163 3990 1227 4050 τῶν
1243 3988 1351 4051 nureo·

258 4080 355 4123 τατων
370 4062 464 4141 oredo
476 4088 521 4141 τις
535 4062 628 4153 εἰσῄει
640 4062 760 4149 αὐτοῖς,
782 4064 855 4135 etet
865 4076 998 4158 λογισμῷ
1008 4095 1068 4136 τινι
1081 4096 1103 4153 η
1118 4074 1215 4153 nolon
1228 4073 1351 4136 bualone

287 4242 318 4311 ⁴)
334 4242 464 4329 criptura
479 4254 520 4302 eet
535 4249 594 4314 hic,
616 4256 644 4305 et
660 4254 788 4325 paeterine
803 4256 946 4313 termae
968 4256 1026 4313 nat
1045 4256 1095 4313 deci
1116 4258 1203 4314 eorico
1226 4253 1281 4329 yde
1300 4252 1350 4311 wi

321 4310 357 4365 ee
373 4314 469 4383 βορεια
485 4320 538 4374 τοῦ
547 4316 663 4390 Ἴστρον.
1230 4354 1234 4359 ·
