2959 4850
441 296 485 367 [N
505 291 661 365 LEONIS
681 294 864 368 DlACONl
883 295 960 367 Lm.
981 297 1005 365 Ι.
1199 288 1274 365 405

186 463 328 535 corrupte
348 452 491 533 scriptam
509 474 565 535 pro
587 448 717 535 ἅῖχοονα
737 456 802 517 eive
823 449 952 537 οἷῖχοῗοο,
981 454 1161 537 herbamque
1180 458 1273 518 leenae

184 539 366 618 significare,
380 558 444 617 'qua
461 558 515 618 per
533 538 686 601 Orientem
702 541 841 601 mulieres
855 562 887 601 oe
902 542 1061 621 inliciunt,
1081 542 1141 601 iam
1156 543 1272 603 salme-

185 627 246 685 eiue
259 624 338 683 vidit
353 622 512 685 Exercitat.
528 624 561 685 in
582 624 676 689 Solin.
698 627 788 695 1824.
801 627 836 687 B.
853 635 883 687 et
901 628 992 695 1353.
1007 629 1039 687 G.
1061 627 1119 687 Sed
1133 647 1274 689 revocare
1335 655 1341 668 .

183 728 219 769 eo
234 727 394 809 poaaumua
411 728 516 769 vocem
536 710 671 789 χαλκοῖο,
693 730 728 771 eo
748 731 836 771 eenau
849 720 885 771 ut
897 712 937 773 ait
949 712 972 773 i.
987 734 1017 792 q.
1032 717 1184 793 χαλκεῖον.
1205 718 1274 793 χαλ-

46 805 54 817 “
182 815 355 873 uenerator,
375 798 603 874 witenesheim,
626 795 755 873 <officina
768 800 899 861 naaria.
940 797 1026 857 Philo
1042 798 1083 857 lie
1097 798 1183 855 telor.
1201 817 1274 857 con·

181 885 287 940 struet.
304 882 356 945 60.
375 878 406 941 G.
426 878 580 939 iuncturae
594 880 702 940 sericae
724 882 821 961 lrangi
837 881 893 959 uit,
914 877 969 945 tdv
982 878 1016 945 ri
1029 877 1119 962 τυχὸν
1139 885 1222 954 cives·
1239 880 1273 947 ta

120 982 123 989 ’
182 965 222 1024 c*
233 964 354 1047 χαλκεῖχι
364 958 478 1044 λάβωσι
484 1008 493 1041 ,
515 967 544 1021 ai
556 966 605 1023 vel
613 968 772 1026 minimam
782 988 892 1025 noxam
904 969 936 1025 in
949 968 1075 1047 officina
1086 978 1272 1044 acceperunt.

209 1046 312 1107 ametai
333 1048 516 1108 commodius
534 1051 657 1111 fortene
677 1049 727 1111 hic
748 1052 826 1113 verti
847 1052 959 1131 poerit,
987 1055 1067 1111 inter
1088 1048 1269 1110 cudendum.

181 1130 274 1210 Magis
301 1141 385 1191 extra
406 1134 637 1193 controversiam
658 1138 780 1217 χαλκεῖα
800 1138 927 1215 ‹fficina
941 1137 1032 1213 fabri
1045 1138 1176 1214 ferrarii
1189 1136 1270 1217 apud

180 1214 329 1277 Heronem
336 1216 440 1297 Belop.
455 1221 525 1285 134.
534 1220 568 1279 Ε.
583 1222 621 1279 (1ο
632 1222 800 1300 epizygide=
818 1216 894 1299 αὕτη
909 1222 942 1284 lt
958 1221 1036 1292 ἐστιν
1051 1222 1085 1285 ἐν
1098 1224 1137 1307 τῇ
1149 1222 1272 1305 χαλκείῃ,

177 1305 278 1375 καλοῖς
286 1300 504 1382 τετελειωμένη.
517 1340 521 1356 ·
548 1304 606 1365 Sed
620 1304 651 1363 in
666 1307 813 1385 Antiquit,
827 1306 893 1366 Iud.
907 1306 1025 1387 loaephi
1040 1310 1070 1372 7.
1085 1304 1119 1367 Β.
1132 1307 1272 1386 χαλκείαν

178 1408 210 1451 τι
225 1390 345 1469 πρῶτος
359 1380 516 1467 ἐπενόησε,
537 1388 574 1449 de
595 1399 658 1449 arte
685 1390 785 1449 fabrili
805 1392 1015 1470 exponendum
1033 1400 1093 1465 eat,
1115 1392 1270 1449 aerariam

173 1474 297 1551 primus
316 1482 359 1529 eat
375 1483 561 1536 commentae.
604 1474 715 1534 Eodem
735 1469 825 1534 eenau
841 1476 874 1535 in
889 1475 1107 1553 Prolegomenie
1121 1474 1234 1535 rhetor.
1250 1495 1270 1533 a

178 1556 408 1617 Montelelconio
422 1556 563 1619 Biblioth.
581 1558 702 1620 Goialin.
722 1559 811 1619 editio
824 1560 933 1639 legitur
947 1561 1018 1627 590.
1034 1561 1069 1624 l).
1103 1554 1270 1636 Ἥφαιστος

178 1638 235 1721 τὴν
248 1636 456 1721 wimundo·
483 1642 517 1705 V
512 1643 644 1701 ulcanua
660 1647 813 1703 aerariam
829 1655 936 1706 anem:
957 1644 1010 1703 ubi
1021 1642 1269 1704 Montefalconiuo

178 1727 268 1787 nimia
281 1727 451 1805 generatim,
469 1728 614 1804 fabrilem
626 1740 729 1791 artem.
772 1730 816 1789 De
828 1729 975 1791 vocabulo
988 1732 1126 1808 χολχῖτις,
1147 1726 1269 1807 quando

179 1812 300 1873 alumen
313 1821 366 1873 aut
380 1822 496 1893 petram
513 1813 672 1893 significat,
696 1813 749 1873 alii
764 1814 853 1874 docte
866 1823 1077 1895 exposuerunt.
1118 1811 1204 1873 Adde
1217 1803 1269 1871 hio

179 1898 298 1957 tertiem
311 1897 565 1976 significatiohem,
575 1920 632 1979 qua
647 1908 692 1959 est
703 1899 909 1979 apudNonum
923 1898 1072 1958 medicum
1078 1899 1123 1958 De
1135 1897 1269 1957 omnium

112 1991 116 1999 '
179 1982 404 2063 periniurium
422 1982 594 2043 morborum
608 1985 761 2045 curatione
777 1987 849 2051 313.
862 1985 897 2044 Β.
922 1989 992 2056 Τοῖς
1005 1980 1038 2045 di
1053 1978 1116 2045 doro*
1132 1985 1186 2062 τῆς
1199 1985 1266 2062 χοῖ-
1283 1988 1316 2048 Ρ.
1332 1986 1382 2045 191

180 2069 291 2141 eineder
311 2061 424 2149 σαύρας
445 2073 587 2151 πληγεῖσι.
609 2068 708 2131 Vertit
723 2068 886 2129 Hieremias
904 2068 1046 2143 Martiae,
1070 2064 1111 2124 ab
1132 2070 1199 2124 ictu
1218 2066 1268 2123 la·

180 2163 277 2211 certae
290 2152 419 2213 viridia:
440 2153 561 2213 videtur
580 2174 641 2213 eoae
654 2155 765 2214 lacerta
781 2162 926 2212 venenata
945 2168 1104 2230 exgenere
1122 2151 1268 2210 calaman-

75 2270 77 2273 ·
180 2240 311 2299 (irarum.
353 2238 387 2297 In
400 2236 490 2297 titulo
508 2247 607 2299 tamen
621 2238 726 2319 capitia
743 2238 836 2297 eiuad.
853 2238 933 2317 apud
946 2237 1065 2295 Nonum
1077 2238 1152 2301 313.
1172 2234 1204 2297 Β.
1220 2254 1268 2293 ea-

180 2323 248 2383 dem
266 2324 378 2383 lacerla
399 2324 567 2401 appelletur
584 2328 680 2403 χαλκοῖ
699 2327 812 2405 σαῦροι,
833 2343 897 2383 non
917 2328 1062 2402 χολκῖτις,
1084 2338 1185 2380 errore
1205 2320 1267 2379 sor-

178 2417 257 2469 tasse
270 2408 394 2472 librarii.
436 2408 513 2468 Nota
525 2429 615 2490 porro
627 2429 732 2468 vocem
750 2404 857 2488 χαλκός
872 2406 1048 2500 quandoque
1060 2403 1267 2485 exponendam

179 2514 242 2554 case
262 2515 376 2569 aecem,
402 2491 461 2552 hoc
480 2504 538 2572 eat,
567 2515 702 2571 aereum,
729 2515 855 2553 numum
874 2496 1044 2554 minimum.
1092 2487 1267 2551 Plutarchus

179 2577 333 2659 Apophih·
357 2579 425 2640 Lao.
448 2583 518 2644 226.
546 2579 581 2639 D·
603 2575 728 2659 δυνάμει
750 2577 783 2641 δὲ
800 2578 902 2657 χαλκοῖ
922 2577 1070 2656 τέσσαρες.
1104 2575 1155 2635 ‘De
1176 2571 1278 2635 animi.

178 2663 359 2742 h'anquiliil·
382 2664 452 2728 470.
469 2663 500 2720 F.
517 2664 602 2727 dcciv
621 2669 743 2746 χαλκοῖν
756 2661 780 2744 of
793 2665 896 2744 χοῖνιξ.
936 2659 1143 2724 Artemidorus
1158 2657 1267 2717 Oniro-

182 2748 249 2807 crit·
264 2753 336 2816 267.
351 2747 380 2810 Β.
394 2741 483 2820 αὐτὸς
496 2745 529 2809 di
544 2747 628 2830 λέγει,
646 2748 686 2822 οἷς
697 2744 751 2811 τὸν
765 2744 871 2828 χαλκὸν
885 2741 941 2810 odio
956 2747 1021 2826 ἔχω.
1052 2743 1198 2822 Rigaltiua
1214 2761 1267 2821 pa-

182 2853 250 2894 rum
259 2842 403 2908 accurate,
419 2853 471 2912 ego
480 2843 554 2892 certe
562 2855 613 2892 aea
624 2853 684 2892 non
692 2833 801 2892 liabeo:
816 2852 929 2909 aeneae,
942 2832 974 2892 la.
985 2852 1021 2888 ne
1032 2849 1129 2886 aecem
1136 2825 1267 2907 quidem.

182 2921 421 2995 Χαλκοτυπεῖον,
443 2917 569 2994 officina
577 2919 671 2995 fabri
683 2919 830 2994 ferrarii,
855 2917 941 2975 affert
954 2913 1149 2973 Schneiderua
1164 2933 1202 2971 ex
1215 2910 1268 2970 Ni·
1391 2923 1393 2927 '

181 3000 324 3080 comacho
339 3003 382 3060 Dc
401 3001 520 3065 musica.
562 3003 647 3063 Adde
663 3000 815 3062 Philonem
833 3002 877 3060 De
891 2999 1049 3060 Chemhim
1069 2999 1122 3065 94.
1143 2998 1179 3057 A.
1198 2990 1269 3058 docta

180 3087 215 3150 ἐν
228 3085 428 3168 χοῖκοτυπεῖῳ
441 3081 632 3161 ἐλαυνόμεναι
644 3081 729 3164 diua,
749 3081 772 3165 ἢ
785 3079 1003 3168 διαιρούμενοι·
1027 3092 1058 3142 et
1070 3080 1268 3142 lamblichum

182 3173 219 3233 In
233 3172 391 3232 Arithmet.
404 3170 575 3230 Nicomachi
599 3172 736 3234 Gerasen.
757 3175 829 3236 171.
846 3171 880 3232 B.
924 3161 1102 3246 Xulnoidnc,
1124 3188 1181 3246 pro
1204 3176 1292 3244 quoB

182 3257 281 3316 nescio
299 3279 337 3318 an
358 3255 513 3335 quisquam
529 3256 732 3315 auctoritatem
752 3255 903 3330 attulerit,
930 3261 1154 3332 usurpaverunt
1171 3249 1267 3309 'llreo—

81 3332 84 3344 ’
180 3341 319 3422 phrastue
335 3341 377 3400 De
395 3340 471 3418 sign.
491 3341 639 3400 serenitat.
660 3341 731 3406 440.
750 3339 784 3399 Δ.
799 3339 947 3418 χοῖκοῖδος
964 3342 1082 3419 χρῶμα·
1104 3348 1135 3396 at
1154 3338 1183 3395 s,
1197 3333 1267 3411 Epi.

181 3425 311 3507 phanius
327 3425 475 3486 Adversue
489 3425 602 3489 haereo.
618 3427 689 3492 577.
709 3427 744 3486 Β.
763 3418 837 3486 dttd
854 3419 888 3487 ro*
901 3424 1051 3503 χαλκοῖδες
1061 3417 1096 3484 ci
1110 3421 1143 3484 ht
1159 3423 1201 3504 τῷ
1215 3414 1267 3500 οἷο-

181 3505 281 3596 ydem·
304 3531 362 3590 quo
379 3518 458 3570 certe
471 3512 504 3571 in
521 3512 589 3570 loco
606 3509 772 3588 significare
786 3509 907 3568 videtur
924 3506 1007 3587 quod
1020 3508 1099 3563 aeria
1119 3516 1267 3564 naturam

182 3597 285 3671 laudet,
308 3615 444 3671 aeroaua,
466 3606 500 3656 ut
516 3595 678 3675 exponitur
691 3595 723 3654 in
739 3592 931 3653 Onomaatico
948 3591 1028 3665 inter
1043 3591 1162 3648 Gloriae
1176 3587 1265 3647 labb.

182 3685 254 3748 202.
269 3681 303 3743 E.
320 3679 456 3739 Petavius
467 3684 577 3758 vertit,
600 3677 683 3760 quod
695 3683 863 3758 inargento
877 3675 1074 3734 subnotatum
1086 3687 1138 3734 rat.
1179 3670 1266 3731 Addo

181 3785 288 3826 vocem
305 3768 532 3844 χαλκωρυχεῖον,
553 3777 675 3824 aecem-a
696 3766 837 3825 aerario:
855 3781 926 3819 nam
941 3754 1079 3819 mendum
1098 3756 1268 3838 typotheta-

182 3869 251 3910 rum
269 3859 330 3927 eet,
352 3849 434 3926 quod
454 3871 507 3932 per
528 3849 662 3912 omicron
686 3849 768 3928 apud
783 3846 956 3906 Salmaaium
978 3845 1017 3904 ad
1032 3842 1123 3903 Solia.
1141 3842 1213 3910 195.
1231 3841 1267 3902 Β.

182 3935 274 3994 semel
291 3933 401 4012 legitur
413 3932 445 3997 ἐν
461 3941 523 4008 τοῖς
540 3935 772 4015 χαλκορυχείοις·
793 3931 866 3990 item
879 3939 927 3989 ter
939 3929 1018 4009 apud
1031 3926 1270 4032 Theoohraatum

184 4020 229 4080 De
241 4020 392 4100 lapidibus
405 4020 479 4092 395.
494 4021 529 4081 Δ.
543 4021 577 4084 Β.
591 4023 663 4086 398.
682 4020 716 4078 l).
739 4017 835 4078 Aliam
848 4017 975 4074 formam
989 4018 1188 4097 χαλκωροχιοο
1199 4012 1270 4070 Plu-

184 4103 306 4166 tarchus
321 4108 456 4184 Sympoa.
471 4097 1009 4180 659.c.at1>tolemaeuaceograph.
1024 4101 1097 4166 233.
1112 4099 1147 4161 B.
1161 4096 1212 4156 ubi
1223 4094 1271 4153 vi-

186 4186 278 4250 detu'r
294 4189 379 4270 qnasi
391 4209 500 4249 nomen
507 4188 678 4270 proprium.
719 4187 814 4263 llaec,
835 4195 920 4246 extra
935 4185 1013 4245 oleae
1027 4183 1152 4243 fortaaae
1164 4187 1272 4256 vagati,

187 4274 220 4336 in
251 4273 541 4358 lexicographorum
567 4274 690 4356 gratiam
718 4272 923 4337 annotavimus
950 4269 1033 4332 eirca
1061 4267 1194 4329 derivata
1222 4270 1274 4322 aut
