2959 4850
277 869 536 960 ‚NlcoLAI
567 868 801 947 narras
835 867 1114 946 roacrnn
1267 969 1271 976 ι

209 1013 1292 1150 ΑΒΝΟΤΑΤΙΟΝῈει

676 1246 723 1302 ΙΝ

397 1383 695 1451 THEODOSII
723 1381 999 1451 ACROASES.

582 1588 815 1603 -ο--ι--ιν

401 1781 404 1795 .
477 1727 523 1788 IN
542 1724 921 1792 ΡΒΑΕῈΔΤΙΟΝΕΜ.

234 1893 317 1956 Vere.
340 1899 368 1961 1.
385 1886 424 1958 Ὦ
442 1897 628 1978 Muplorposv
641 1891 722 1976 ἥλιε]
755 1894 956 1976 Nicephorum
970 1893 1100 1956 Phocum
1114 1892 1246 1974 Magistri
1263 1906 1314 1965 m
1332 1907 1405 1963 nom,

150 1979 293 2057 dignitate
317 1982 408 2042 luisse
426 1981 601 2060 insignitum
626 1982 777 2041 Cedreuus
797 1981 1005 2060 curopalates,
1027 1981 1159 2041 incertus
1175 2001 1246 2042 con·
1277 1979 1310 2033 1’·
1328 1981 1382 2036 ⁸⁷6

149 2066 285 2125 tinuatur
311 2065 515 2147 Theophanis,
549 2067 699 2148 ceterique
725 2067 887 2146 scriptores
908 2075 1068 2126 testantur.
1107 2065 1248 2146 Magister
1275 2047 1367 2109 ⁰⁰¹³

148 2160 249 2210 autem
265 2151 420 2212 dicebatur
434 2155 550 2232 primns
562 2154 641 2212 inter
654 2152 769 2211 nobiles
781 2152 973 2232 Imperatoris
990 2150 1164 2226 familiares,
1185 2170 1248 2228 seu,

148 2244 185 2294 ut
207 2237 306 2314 inquit
328 2236 469 2316 Euagrius
489 2237 601 2297 Histor.
626 2237 678 2300 lib.
699 2238 752 2297 ΙΙΙ.
774 2257 839 2317 cap.
861 2241 911 2303 29.
932 2232 1054 2316 ἡγεμών
1072 2240 1133 2297 roiv
1153 2233 1187 2298 ἕν
1209 2239 1250 2321 τῇ

148 2313 229 2406 αὐλῇ
248 2316 368 2398 τάξεων,
388 2325 564 2401 praefectae
582 2323 756 2402 (officiorum
768 2325 892 2402 palatii.
935 2322 1016 2380 Haec
1031 2320 1176 2398 dignitas,
1199 2319 1250 2381 val

147 2405 215 2486 ipso
235 2406 397 2469 Patriciatu
408 2407 571 2487 illustrior,
594 2417 624 2469 et
643 2407 853 2490 dulplupupag
869 2405 1121 2489 splendidissima
1137 2405 1173 2465 ab
1191 2405 1250 2465 ffi-

147 2491 267 2551 etoricis
287 2492 384 2567 dicta,
405 2495 458 2553 uui
471 2496 601 2575 primum
622 2495 849 2571 consuebatur,
872 2504 902 2555 st
916 2494 1057 2572 deinceps
1079 2492 1188 2551 collate
1204 2498 1250 2551 est

147 2576 295 2658 pluribus,
311 2588 346 2637 ut
364 2599 402 2637 ex
415 2580 602 2661 Luitprando
615 2581 685 2641 Ber.
701 2600 757 2660 per
776 2581 888 2660 Europ.
903 2588 976 2658 gest.
998 2578 1050 2642 lib.
1067 2577 1118 2638 vt.
1134 2597 1198 2656 cap.
1217 2576 1248 2645 6.

149 2662 318 2740 colligitur,
339 2664 390 2743 qui
411 2665 520 2743 viginti
534 2675 661 2745 quatuor
678 2667 834 2743 Magistros
855 2674 1018 2724 enumeret.
1060 2660 1247 2723 'theodosius

148 2749 373 2826 Magi-atrorum
389 2751 480 2809 solem
495 2750 698 2831 Nicephorum
712 2752 879 2831 appellasse
891 2751 1023 2827 videtur,
1044 2747 1095 2809 vel
1110 2747 1181 2827 quia
1192 2746 1248 2806 Nia-
1260 2746 1280 2766 ‘⁴

147 2832 298 2911 sephorae
318 2832 398 2895 inter
423 2836 525 2915 plures
544 2837 658 2917 primus
677 2846 769 2912 esset,
790 2836 840 2895 vel
854 2836 892 2894 ob
908 2835 1061 2917 praeclara
1076 2832 1138 2892 eius
1155 2839 1248 2910 gesta,

148 2918 255 2999 quibus
275 2916 367 2985 huius
394 2919 543 2998 dignitatis
566 2922 757 3009 splendorem
779 2930 903 2981 suxerat
914 2921 954 2980 ad
968 2930 1136 2981 ceterorum
1150 2916 1248 2997 Magi-

147 3014 281 3066 strorum
303 3005 482 3084 exemplum.

216 3114 219 3125 ·
232 3094 262 3154 9„
284 3082 397 3168 Ῥώμης
409 3082 558 3170 ledonensi]
573 3090 690 3151 Romae
700 3086 810 3150 vindex
823 3097 904 3149 certe
914 3089 973 3151 fait
984 3086 1037 3150 laic
1048 3086 1247 3169 fficeplaorus,

73 3222 75 3226 ,
148 3172 218 3253 quia
227 3217 237 3250 ,
259 3182 295 3231 ut
314 3173 414 3254 inquit
434 3176 583 3235 cedrenus
597 3174 708 3239 Hister.
726 3175 828 3256 Comp.
841 3194 907 3256 pag.
923 3176 995 3242 649ν
1008 3171 1104 3237 πολλοὶ
1120 3170 1247 3255 τρόπαια

145 3254 297 3337 στήσαντα
315 3256 391 3321 nurci
408 3266 469 3323 τῶν
489 3256 572 3344 ἑῴων
587 3264 785 3341 Σαρακηνιὸν,
805 3262 905 3319 malta
919 3259 956 3319 de
969 3262 1132 3320 Saracenis
1149 3260 1246 3317 orien-

145 3344 265 3403 talibus
283 3354 436 3403 statuerat
456 3356 596 3424 tropaea,
618 3347 669 3425 qui
684 3346 809 3407 Romani
820 3346 941 3427 imperii
960 3344 1131 3427 provincius
1145 3344 1246 3424 depo-

146 3430 336 3511 pulabantur,
363 3439 393 3490 et
406 3431 475 3511 quia
488 3432 603 3491 Cretam
621 3453 637 3489 a
655 3432 809 3494 Saracenis
824 3431 965 3513 Hispanis
980 3431 1054 3491 olim
1065 3436 1245 3509 occupatam

147 3516 355 3575 Romanorum
373 3516 500 3597 imperio
522 3518 703 3579 restituerat.

226 3604 256 3665 3-
280 3592 453 3681 Πεπόνηται
477 3600 532 3684 μὲν
545 3598 604 3685 πρὸ
617 3606 725 3683 καιροῦ
740 3599 810 3681 etc]
830 3600 912 3660 Haec
924 3599 961 3659 de
975 3600 1079 3659 Cretae
1092 3617 1245 3679 expugna·

147 3684 231 3744 tione
251 3684 384 3745 carmina
404 3690 468 3746 s'am
488 3699 596 3766 antea,
618 3688 739 3749 vivente
752 3706 859 3767 nempe
876 3686 953 3767 Imp.
967 3686 1101 3746 Romano
1112 3683 1243 3761 iuniore,

144 3789 164 3829 a
178 3788 209 3827 se
229 3770 365 3829 conlecta
381 3772 471 3833 fuisse
487 3771 671 3833 Theodosius
685 3780 822 3833 testatur.
865 3771 925 3831 Cur
938 3779 1036 3829 autem
1049 3790 1082 3829 ea
1097 3768 1132 3828 in
1142 3770 1244 3829 lucem

143 3872 208 3913 nou
224 3854 416 3934 produxerit,
437 3858 565 3919 necdum
578 3868 665 3939 capta
690 3856 845 3917 occasione
863 3854 1027 3937 triumphi,
1051 3864 1140 3934 etque
1163 3852 1239 3913 adeo
1257 3862 1353 3921 cm

149 3938 308 4015 orationis,
331 3960 418 4018 quam
434 3942 618 4024 Nicephorus
634 3944 671 4005 dc
685 3944 772 4003 Grata
785 3950 953 4022 expugnata
967 3949 1075 4020 egeret,
1095 3939 1246 4001 rationem

142 4020 223 4083 hanc
236 4025 349 4084 reddit:
371 4025 404 4085 id
415 4028 514 4089 facere
527 4029 673 4107 timuisse,
697 4028 781 4109 quod
794 4050 812 4085 a
827 4037 977 4106 gestorum
990 4026 1050 4087 eius
1064 4024 1162 4103 gloria
1175 4025 1245 4103 plus

144 4128 241 4189 aequo
262 4109 316 4168 ills
330 4110 486 4176 distarent.
528 4112 569 4174 st
585 4134 655 4177 vere
672 4134 760 4175 causa
775 4114 900 4173 fortasse
914 4112 1014 4193 potius
1025 4112 1096 4190 suit,
1115 4131 1155 4171 ne
1167 4109 1244 4189 Imp.
1282 4104 1286 4124 ¹

132 4194 278 4261 ,Romano
294 4195 474 4277 displiceret,
488 4198 520 4257 in
533 4198 618 4259 cuius
635 4199 836 4281 suspicionem
852 4207 976 4259 venerat
989 4197 1080 4259 uimis
1093 4196 1175 4280 apud
1187 4184 1245 4277 llo·

142 4280 250 4359 pulum
266 4280 465 4347 inclsrescens
480 4284 643 4365 Nicephori
657 4304 780 4349 nomen.
796 4284 866 4345 via.
879 4282 1037 4346 Maritum.
