2959 4850
378 281 611 355 nrcnnnonr
631 258 809 353 rnocnn
834 284 927 352 can.
947 284 1066 356 mnu.
1187 274 1264 349 eoo

170 448 351 535 διαχωρίσαι
365 449 427 535 χρὴ
449 456 512 515 τῶν
531 454 632 533 ψιλῶν
654 446 814 535 ἀνδρείους
828 451 879 514 καί
896 458 1000 533 ταχεῖς
1015 460 1080 525 τοῖς
1095 452 1184 531 ποσί,
1212 452 1264 515 καὶ
1290 454 1296 463 ’

170 552 347 637 ἔμπροσθεν
375 552 571 633 ἀποστεῖλαι,
599 557 656 617 rosi
680 560 750 641 σιγῇ
775 558 951 634 κατελθεῒν,
980 554 1031 617 καὶ
1054 552 1175 637 ἴγγιστα
1201 559 1265 618 τῶν

169 654 321 736 πολεμίων
340 656 483 739 γενέσθαι
489 706 499 737 ,
528 658 578 720 καί
593 657 794 742 διορίσασθαι
810 654 933 735 οιάτοΐς,
958 656 1011 719 είνα
1026 661 1150 741 πρῶτον
1163 656 1220 736 μὲν
1233 656 1265 721 oi

170 760 203 823 έν
225 764 270 846 τῷ
291 757 376 846 μέσῳ
394 755 550 842 ἶστάμενοι
567 758 624 843 τὴν
646 758 825 845 προσβολὴν
845 755 1050 843 ποιήσωνται,
1078 754 1142 823 εἶθ’
1164 755 1265 833 οῶτως

146 861 202 927 sot
215 858 401 946 ἔμπροσθεν.
437 864 528 926 καλεῖ
543 862 601 945 μέν
615 862 647 939 έξ
662 861 845 953 ἀμφοτέρων
859 867 922 927 τῶν
934 846 1075 948 μερῶνῆ
1094 865 1152 925 ταῶ
1167 856 1265 925 τόπου

169 963 258 1038 θέσις
272 958 473 1051 ἀφηλοτέρως
485 964 587 1052 φέρει,
615 964 672 1039 τάς
685 965 806 1045 πεζικὰς
826 961 927 1043 τάξεις
944 965 1023 1029 κατά
1037 969 1099 1029 τῶν
1113 966 1265 1047 πολεμίων

169 1064 184 1101 *
195 1062 380 1149 βαλλόμενοι
403 1067 433 1133 oi
457 1068 594 1150 πολέμιοι
620 1078 684 1143 τοῖς
707 1070 740 1133 ἐκ
758 1074 870 1155 χειρῶν
890 1068 943 1133 καὶ
966 1070 1142 1154 σφενδονῶν
1163 1069 1266 1142 λίθοις

170 1171 220 1233 καὶ
233 1164 333 1245 τόξοις
351 1168 473 1235 ἀνωθεν
487 1172 520 1248 ίξ
534 1168 702 1253 ἑκατέρων,
728 1170 859 1257 εάχερῶς
877 1168 1157 1254 καταλυθήσονται.
1191 1172 1218 1234 εί
1231 1170 1266 1233 δέ

167 1272 211 1354 μὴ
230 1269 329 1347 οὕτως
342 1271 399 1355 ἔχει
413 1269 433 1356 ἦ
448 1279 504 1338 τοῦ
518 1270 615 1338 τόπου
629 1274 728 1353 θέσις,
757 1274 823 1340 ἀλλ’
839 1276 872 1351 ἐξ
884 1272 952 1351 ἑνὸς
963 1274 1076 1361 μέρους
1089 1272 1126 1338 τδ
1140 1269 1265 1355 inpetis

127 1382 160 1437 10
168 1371 338 1460 δπέρκειται
345 1422 357 1455 ,
378 1378 445 1446 ,καί
468 1372 616 1451 ῶσαότως
644 1379 759 1443 ίκιῖθεν
780 1377 988 1465 εὐχερέστερον
1008 1384 1071 1441 τῶν
1090 1377 1188 1441 λίθων
1211 1376 1291 1438 καὶΒ

159 1474 266 1554 ,τόξων
280 1476 338 1553 τάς
352 1478 450 1561 βολάς
469 1478 540 1544 κατ’
558 1479 661 1545 αὐτῶν
680 1481 891 1561 πτμπέτωσαν.
926 1479 1007 1563 πλὴν
1021 1480 1054 1543 έκ
1067 1484 1123 1543 τοῦ
1144 1474 1265 1563 έφομά-

127 1658 129 1663 Ι
168 1585 223 1645 λου
244 1581 470 1667 ἐπιμελέστερον
492 1580 617 1665 ἔχεσθαι
639 1584 688 1647 δεῖ
701 1589 758 1665 τῆς
770 1580 881 1666 μάχης.
916 1585 943 1647 εί
964 1583 998 1647 δέ
1012 1585 1212 1664 βουληθῶσιν
1234 1580 1264 1644 oi

167 1684 304 1766 πολέμιαι
318 1685 457 1768 ἐπιβῆναι
477 1687 596 1765 ἰ’ππων,
628 1688 679 1749 καὶ
701 1684 774 1751 κατ’
798 1685 902 1750 αὐτῶν
925 1682 1059 1771 ὁρμῆσαι
1066 1734 1076 1763 ,
1098 1682 1189 1749 οὐδέν
1206 1682 1264 1764 μέν

167 1796 233 1861 τοῖς
252 1791 357 1869 ψιλοῖς
377 1787 474 1853 δεινὸν
494 1785 691 1873 ἐργάσονται,
718 1794 776 1854 τοῦ
796 1786 894 1854 τόπου
914 1794 1112 1876 βοηθοῦντος
1138 1786 1261 1861 αὐτοῖς·

126 1897 160 1953 15
169 1885 289 1965 ἑαυτοῖς
307 1890 342 1955 δὲ
360 1896 480 1973 μᾶλλον
499 1887 634 1975 μεγάλην
657 1888 875 1977 προξενήσουσι
897 1888 1030 1975 βλάβην,
1065 1885 1262 1975 συγκαταβή-

166 2016 272 2058 τωσαν
288 1994 322 2057 δέ
335 1999 432 2058 πᾶσαν
452 1994 486 2058 αἱ
500 1996 614 2074 πεζικαί
630 1992 728 2071 τάξεις
743 1997 776 2071 ἓξ
790 1993 974 2081 ἀμφοτέρων
988 1999 1051 2058 τῶν
1065 1998 1184 2078 μερῶν,
1211 1993 1263 2055 καὶ

166 2091 405 2165 σαλπισάτωσαν
419 2094 537 2162 ἅπασαι
555 2096 634 2179 μετὰ
652 2104 788 2184 κραυγῆς
807 2099 859 2160 καί
873 2095 1062 2180 ἀλαλαγμοῦ.
1096 2093 1198 2158 ἔπειτα
1211 2095 1263 2157 καί

167 2193 373 2285 ὃστρατηγδς
389 2200 422 2263 tx
441 2206 505 2265 τῶν
520 2198 650 2265 όπισθεν
671 2200 804 2287 ἰσχυρῶς
824 2195 938 2282 ἆψάτω
955 2204 1011 2263 τοῦ
1031 2197 1176 2280 πολέμου.
1211 2197 1264 2260 καί

167 2302 194 2365 εί
214 2300 257 2366 ἴτι
278 2309 477 2389 καρτεροῦσιν
499 2303 528 2368 oi
541 2303 696 2386 πολέμιοι,
725 2305 776 2367 καί
789 2301 834 2386 μὴ
848 2302 926 2388 πρὸς
946 2301 1046 2388 φυγὴν
1062 2296 1261 2385 δρμήσουσιν,

124 2410 161 2470 20
170 2402 199 2470 oi
213 2414 313 2490 ταχεῒς
326 2408 413 2489 ψιλοί
428 2408 478 2472 καί
494 2406 523 2472 οἳ
537 2404 713 2494 ἔμπροσθεν
733 2405 955 2482 ἀποσταλέντες
967 2400 1290 2492 παρορμηθήτωσονῦ

166 2509 252 2596 παρά
274 2515 337 2574 τῶν
354 2507 510 2602 ἀρχόντων
533 2510 654 2591 αὐτῶν,
682 2508 771 2576 tutor
791 2512 834 2586 εἷς
848 2509 906 2585 τάς
921 2508 1036 2592 σκηνάς
1048 2513 1189 2594 χωρῆσαι
1203 2513 1266 2572 τῶν

165 2613 344 2695 πολεμι’ων.·
365 2613 482 2700 εὐχερές
503 2612 563 2701 γάρ
583 2619 677 2679 τοῦτο
697 2611 783 2679 έσται
803 2612 909 2688 αάτοΐς
932 2610 1072 2695 ἀπδτῆς
1091 2617 1148 2676 τοῦ
1164 2607 1419 2691 τόπουορμιμιοιῑο

167 2711 381 2800 σκληρότητος.
417 2719 467 2781 καί
484 2713 574 2802 ἡνίκα
595 2715 747 2804 ἄρξωνται
769 2711 996 2801 ἀναλαμβάνειν
1006 2715 1120 2789 ἰ’ππους
1136 2698 1428 2814 ἢῆμιό-ωᾚω

237 2898 263 2952 6.
287 2893 570 2967 φέρει-πολεμίου.
601 2894 709 2948 Videtur
733 2895 822 2951 deesse
838 2894 948 2964 aliquids
970 2893 1030 2955 uisi.
1044 2894 1086 2946 vis
1106 2890 1264 2962 coniungere

234 2963 323 3032 τάξεις
342 2964 539 3034 conciperet
558 2963 670 3020 κατάτ.
689 2971 752 3019 πολ.
827 2967 870 3020 18.
895 2959 1006 3030 ἀψάτω.
1036 2961 1109 3017 Fert.
1126 2956 1263 3033 δψάσθω,

234 3035 278 3089 vel
295 3032 441 3106 ἀναψάτω,
458 3039 583 3106 sequente
594 3051 680 3090 aecus.
708 3033 770 3088 vit.
782 3035 938 3090 tamen166·
956 3035 990 3102 i).

167 3190 248 3242 fortes
267 3193 295 3244 et
311 3187 501 3254 velocissimos,
518 3203 614 3258 eosque
631 3187 776 3258 praemitti,
790 3190 821 3240 ut
838 3187 941 3241 silentio
958 3185 1092 3272 progressi
1109 3203 1186 3257 quam
1198 3201 1262 3256 pro·

168 3259 233 3311 xime
253 3259 287 3312 ad
306 3259 393 3313 hostes
417 3260 556 3323 accedant,
574 3257 614 3312 sic
633 3258 718 3312 edocti
727 3296 735 3322 ,
745 3263 783 3311 ut
800 3257 881 3328 primo
918 3257 945 3310 ui
963 3264 1036 3310 sunta
1049 3257 1158 3309 medium
1171 3271 1262 3324 agnen

167 3327 233 3392 sint,
250 3328 371 3398 impeturn
384 3328 496 3392 iaciunt,
513 3327 606 3380 deinde
624 3329 668 3398 qui
685 3327 806 3380 esronte.
841 3275 918 3391 Quoi
932 3327 956 3379 si
966 3344 1000 3378 ex
1010 3326 1211 3395 utroque'iatars
1224 3326 1262 3376 io·

166 3413 212 3449 eus
227 3397 357 3467 fastigium
373 3399 468 3461 hebet,
485 3395 619 3466 pedestre's
631 3397 700 3450 acies
712 3395 738 3448 in
754 3397 889 3449 hostes...
907 3395 1053 3450 adversarii
1066 3393 1223 3448 manualibus
1236 3399 1264 3444 et

165 3466 313 3520 sandalibus
327 3466 410 3532 saxis,
427 3466 581 3536 sagittisque
599 3466 727 3536 utrimque
739 3483 772 3518 ex
791 3467 854 3519 locis
866 3465 1040 3536 superioribus
1053 3463 1178 3534 appetiti,
1195 3461 1263 3515 nulio

166 3536 269 3604 negotio
287 3535 453 3589 disiicientur.
487 3535 517 3588 Si
531 3551 581 3588 uon
594 3534 632 3589 sic
645 3553 673 3588 se
690 3536 769 3588 hebet
778 3534 889 3588 locorum
901 3535 980 3598 situs,
996 3533 1043 3585 sed
1055 3551 1088 3586 ex
1102 3532 1184 3584 altera
1197 3531 1263 3583 dun-

165 3611 238 3657 taxat
259 3611 332 3674 parte
345 3605 477 3675 fastigium
487 3604 614 3668 imminet,
632 3604 749 3658 similiter
759 3604 820 3657 inde
834 3604 936 3656 facilius
950 3619 1013 3655 saxa
1025 3609 1052 3656 et
1066 3601 1180 3670 sagittae
1192 3600 1220 3652 iu
1234 3599 1266 3652 ii-

165 3673 205 3725 ios
226 3673 389 3727 adiicientnr.
424 3675 470 3726 Sin
493 3681 577 3728 uuum
595 3673 621 3725 in
635 3673 743 3744 planitie
753 3690 798 3725 res
812 3674 922 3742 geritur,
939 3670 1030 3724 maiori
1044 3671 1164 3722 cautione
1176 3669 1267 3721 ineun-

137 3745 140 3751 '
166 3742 200 3794 da
214 3759 303 3812 pugna
314 3751 360 3796 est
395 3743 491 3797 Hostes
504 3744 527 3795 si
539 3743 628 3796 voiunt
640 3741 785 3795 conscensis
797 3741 905 3811 equisin
919 3745 1021 3793 nostros
1037 3738 1266 3810 importumtatem,

94 3845 103 3855 -
164 3811 288 3889 veiitibus
303 3813 385 3866 eloco
400 3811 497 3866 adiutis
508 3811 690 3866 incommodum
702 3810 798 3864 nulium
808 3811 928 3875 inferent,
946 3809 993 3862 sed
1005 3826 1035 3861 se
1052 3808 1103 3878 ipsi
1115 3807 1200 3879 potins
1213 3823 1267 3859 ma-

164 3877 217 3948 gno
235 3879 349 3936 efficient
364 3881 441 3937 maio.
477 3882 573 3935 Omnes
592 3889 677 3935 autem
694 3880 827 3951 pedestres
840 3897 871 3932 co
889 3879 932 3932 iae
947 3878 1036 3931 eodem
1047 3885 1163 3948 tempore
1175 3876 1268 3928 decur-

164 3965 225 4002 rere
243 3951 371 4021 utrimque
390 3951 499 4017 debent,
516 3950 637 4020 tubisque
656 3949 850 4004 concinentibus
865 3897 999 4002 timorem
1014 3956 1041 4001 et
1053 3947 1179 4001 barritum
1192 3947 1268 3999 tolie-

164 4034 202 4072 re.
237 4019 367 4090 Deinceps
378 4021 433 4074 dux
445 4037 547 4090 quoque
561 4039 578 4072 a
598 4029 673 4090 tergo
686 4019 781 4073 acriter
799 4018 923 4090 praelium
935 4017 1085 4072 committet.
1120 4017 1158 4069 Ac
1171 4015 1194 4069 si
1206 4032 1267 4084 per—

164 4095 285 4142 severant
306 4089 447 4143 adversarii
465 4107 547 4160 neque
570 4091 648 4160 fugae
662 4107 691 4142 se
704 4089 893 4152 commendant,
911 4087 1026 4160 expediti
1037 4087 1131 4140 velites
1146 4090 1174 4140 et
1188 4103 1267 4155 prae·

162 4157 235 4210 missi
252 4158 414 4229 antesignani
428 4158 520 4211 ducum
534 4159 721 4212 hortationibus
736 4157 861 4210 incitandi
873 4163 946 4224 sunt,
962 4161 994 4211 ut
1007 4174 1088 4226 usque
1101 4157 1128 4208 in
1142 4155 1266 4207 tabenn-

163 4227 221 4278 cuia
241 4228 351 4281 hortium
372 4233 516 4300 penetrent
550 4227 581 4280 ld
599 4228 676 4281 facite
694 4228 848 4292 triticeus,
870 4234 977 4297 propter
995 4226 1111 4278 salebras
1129 4224 1189 4276 ioci.
1224 4223 1266 4274 its

162 4295 209 4350 ubi
222 4296 371 4368 occeperint
386 4315 475 4354 manua
486 4295 593 4351 iniicere
605 4297 695 4368 equis,
711 4295 799 4362 mutis,
815 4295 1120 4359 incentoromnium,
1136 4290 1265 4348 homiues-
