2959 4850
244 258 320 341 354
551 262 816 335 LUlTPRANDI
834 260 1030 331 LEGATIO

248 444 327 497 mu
343 432 401 497 eibi
418 428 565 512 ueurpit'i
586 436 713 505 utroque
732 444 797 483 non
811 432 883 483 mut
903 422 1042 501 termde3
1063 423 1120 485 etei
1138 430 1264 503 utreque
1278 422 1339 485 im-

245 537 420 621 portabilia,
440 532 522 595 iotud
535 540 653 592 estnon
666 526 840 598 terendum,
861 524 954 585 immo
966 546 1023 587 noc
1036 525 1234 603 audiendum,
1256 530 1341 609 qnod

216 660 223 671 “
247 662 281 705 eo
303 641 515 723 Imperatorem
537 630 681 693 nominet.
727 628 787 689 Sed
809 628 837 688 ei
858 629 1018 690 confirmae
1038 629 1158 707 eedem,
1185 648 1263 709 quoe
1280 630 1341 710 ipsi

246 745 399 816 lecerunt,
428 739 618 797 fortunatum
643 730 784 811 to'otque
808 730 990 813 locupletem
1012 732 1134 813 Imperii
1157 729 1255 790 nostri
1271 730 1341 791 nr-

246 845 335 905 ieotne
356 842 415 902 cito
433 838 573 900 dimittet.
614 835 650 896 Id
664 843 763 895 autem
775 852 811 893 eo
825 854 889 894 non
904 834 997 911 dixit,
1021 844 1057 894 nt
1069 854 1143 910 vor,
1164 832 1191 892 oi
1201 831 1341 895 mutor

245 944 374 1008 rtnltitie
387 944 508 1018 feceret,
529 945 718 1001 conoervrtoo
731 953 880 1015 sperarem
891 934 947 1015 ²1),
967 936 1021 997 eod
1037 935 1134 998 voluit
1145 934 1254 995 hibero
1265 954 1342 1015 prce

243 1048 383 1111 menibue
406 1042 488 1125 quod
506 1042 541 1103 in
555 1040 675 1102 laudem
695 1058 780 1097 ouem
800 1046 829 1097 et
852 1038 1062 1099 contumelium
1082 1046 1216 1098 noctram
1235 1045 1339 1097 oeten-

245 1150 332 1213 deret
350 1147 462 1209 futuri·
480 1142 673 1225 temporibus.
716 1140 773 1200 Cui
784 1140 923 1219 inquemz
943 1160 1042 1222 nuper
1053 1139 1260 1201 Senotioeimne
1275 1140 1339 1199 Do-

245 1252 344 1313 minuo
364 1268 463 1326 meno,
484 1256 520 1308 nt
541 1256 586 1307 eet
607 1242 848 1325 sapientissimus
868 1252 898 1304 et
916 1242 1033 1324 Spiritu
1047 1244 1101 1304 Dei
1118 1243 1242 1323 plenm,
1263 1241 1339 1303 lucc

58 1358 61 1365 '
132 1356 164 1410 P.
181 1354 234 1415 483
249 1370 463 1437 prnenooceno,
493 1368 568 1428 quoe
591 1347 714 1419 meria,
741 1364 780 1403 ne
800 1345 959 1422 terminon,
981 1366 1057 1429 quor
1077 1346 1232 1407 constituit
1251 1344 1338 1422 milri,

82 1498 87 1507 ³
141 1424 230 1483 c01.1

246 1454 490 1519 trrmcenderem
513 1446 650 1531 ἐντολήν,
675 1449 709 1507 id
730 1458 777 1507 ert
802 1459 1011 1531 praeceptum,
1036 1447 1230 1529 conscripsit,
1258 1446 1339 1527 quod

243 1568 275 1621 et
288 1556 385 1636 rigillo
405 1554 533 1633 signavit
554 1554 608 1612 iuo
616 1599 625 1630 ,
649 1572 688 1611 ne
711 1570 797 1609 oecuo
823 1552 959 1613 iacerem.
1001 1554 1066 1613 Soio
1080 1550 1203 1612 Domine
1215 1549 1259 1609 mi
1270 1550 1339 1609 An·

243 1670 343 1739 gusto,
365 1676 425 1737 qun
445 1655 477 1715 id
492 1654 602 1713 fidncia
622 1651 770 1713 dixerim?
791 1650 915 1734 ἐντολήν
929 1654 1013 1715 istud
1030 1656 1064 1715 in
1079 1655 1212 1715 medium
1233 1652 1338 1733 prole-

242 1770 345 1837 rntur,
369 1768 399 1819 et
414 1755 559 1839 quidquid
573 1754 707 1831 iusserit,
729 1754 896 1815 iuramento
917 1778 935 1814 n
949 1776 997 1816 mo
1016 1758 1073 1817 tibi
1092 1758 1236 1819 firmetur.
1278 1753 1336 1815 Sed

244 1860 399 1945 praeteriti
424 1860 545 1936 nuncii,
575 1866 694 1939 praeter
714 1852 876 1917 iuooionem
896 1858 1016 1919 Domini
1041 1860 1101 1921 mei
1126 1859 1336 1941 promioemnt,

244 1966 441 2041 iuraverunt,
463 1960 707 2041 conscripserunt
713 2002 723 2034 ,
744 1959 787 2019 itn
807 1969 869 2037 ert,
890 1969 927 2020 ut
940 1962 1026 2023 Pluto
1043 1962 1101 2023 nit:
1131 1963 1223 2021 Cruor
1245 1978 1336 2041 peneo

245 2076 413 2149 optantem,
435 2066 514 2125 Deuo
535 2072 620 2123 extre
639 2064 769 2143 culpam.
810 2062 865 2123 llio
879 2064 1006 2143 expletio
1024 2074 1148 2125 ventum
1167 2072 1214 2123 eet
1227 2061 1266 2122 nd
1276 2082 1335 2123 no·

244 2169 404 2229 biliorimoe
428 2166 597 2247 Principes,
628 2166 801 2247 Capuanum
822 2174 853 2226 et
878 2166 1136 2243 Beneventanum,
1165 2187 1242 2247 quoe
1270 2165 1335 2246 ipre

244 2290 348 2331 oervoo
362 2269 522 2356 nominet,
539 2276 570 2329 et
587 2268 625 2327 ob
641 2288 715 2347 quoo
730 2268 892 2329 intestinus
906 2268 1010 2349 iprum·
1020 2270 1113 2349 agitet
1127 2270 1222 2331 dolor.
1263 2270 1335 2328 Ser·

243 2392 315 2447 roo,
337 2370 451 2454 inquit,
473 2390 553 2432 mooe
571 2370 713 2434 Dominus
734 2381 808 2432 tune
825 2371 858 2430 in
873 2371 997 2433 tutelam
1010 2372 1119 2454 recipit
1139 2393 1237 2448 ouum,
1259 2390 1334 2452 quoe

215 2476 271 2536 Dei
292 2495 354 2536 non
376 2475 537 2552 dimiserit,
565 2483 595 2534 et
615 2474 648 2536 in
668 2476 828 2556 pristinem
852 2472 1024 2535 servitutem
1042 2475 1205 2555 redegerit,
1231 2483 1335 2536 nune

243 2579 373 2638 amicitie
395 2578 522 2653 carebit,
552 2577 612 2658 ipoi
630 2578 664 2637 in
678 2578 841 2658 Imperium
855 2585 993 2637 nootrum
1006 2586 1044 2637 nt
1054 2578 1257 2659 recipiuntur,
1278 2577 1335 2636 ilr-

241 2673 352 2760 gitont3
373 2681 429 2742 red
447 2690 565 2742 recusat
589 2699 638 2740 eoo
666 2689 803 2740 nostrum
831 2679 1011 2761 Imperium,
1043 2689 1079 2740 ut
1102 2689 1285 2758 cognoscent
1304 2687 1335 2741 et

239 2783 453 2864 experientur,
475 2801 566 2862 quem
586 2781 787 2862 periculorum
808 2781 847 2841 sit
859 2801 961 2844 oenoe
977 2802 996 2843 e
1014 2783 1149 2843 Dominio
1161 2783 1333 2861 declinare,

240 2885 415 2946 rervitntem
428 2885 566 2965 elingere.
586 2885 625 2946 Et
634 2894 677 2945 eet
684 2883 836 2946 decentior
843 2885 969 2946 Domino
976 2895 1040 2962 tuo,
1048 2894 1085 2946 nt
1092 2885 1166 2946 milri
1173 2885 1335 2946 eoetrndrt

242 2987 370 3060 omioni,
393 3007 480 3066 qnam
498 2987 574 3048 mihi
599 2987 731 3048 dimittet
752 2987 874 3048 invitm.
921 2989 1122 3070 Experieutur
1142 2989 1248 3068 plene,
1267 2986 1333 3047 vin

242 3089 360 3165 comite,
383 3091 456 3168 quid
473 3091 514 3150 eit
528 3089 634 3151 herum
654 3089 774 3166 fellere,
796 3089 871 3169 quid
884 3089 1105 3151 ritoervitntem
1119 3091 1267 3165 derunre,
1289 3097 1331 3165 et,

240 3194 380 3272 utputo,
401 3191 534 3251 oentiunt
545 3212 628 3252 nnuc
644 3193 725 3272 quod
739 3190 825 3266 dico,
847 3193 1038 3272 operantibus
1051 3192 1111 3253 hoe
1126 3192 1234 3254 noetrio
1241 3236 1253 3269 ,
1274 3190 1332 3270 qui
1358 3216 1363 3224 ·

241 3301 313 3353 eunt
328 3293 409 3352 ultro
425 3313 523 3370 more,
547 3293 700 3357 militibur.
747 3293 865 3368 Quibus
879 3297 1061 3378 retpondere
1074 3315 1122 3358 me
1133 3315 1195 3355 non
1213 3293 1332 3375 permi-

152 3457 154 3462 ,
240 3393 291 3470 eit,
312 3393 366 3454 red
379 3394 461 3455 obire
480 3395 657 3476 cupientem,
679 3399 717 3458 ud
732 3399 1068 3460 menoemonnmredire
1081 3398 1240 3478 proecepit.
1272 3396 1332 3458 cni

239 3505 326 3575 peter
338 3497 463 3575 aceedit,
484 3497 591 3576 homo,
612 3509 648 3560 ut
664 3499 738 3560 milri
754 3499 924 3577 videbitur,
945 3511 1032 3562 notuo
1045 3512 1166 3562 centum
1179 3499 1331 3580 quinque-

210 3599 324 3677 cginu
342 3601 436 3659 ennio.
478 3601 534 3661 Cui
548 3602 651 3662 itidem
671 3611 707 3663 ut
725 3601 807 3677 filio,
830 3602 937 3662 Grneci
954 3601 989 3662 in
1006 3603 1160 3678 leudibus,
1177 3603 1269 3662 immo
1282 3602 1331 3662 iu·

236 3699 335 3760 ventie
353 3703 433 3776 onir,
452 3701 528 3764 Deuo
547 3725 641 3765 conor
656 3715 693 3766 ut
711 3701 892 3784 multiplicet
912 3705 1110 3767 conclament.
1152 3706 1220 3781 Quo
1231 3707 1266 3765 in
1284 3723 1329 3782 ru,

238 3821 328 3880 quem
345 3804 407 3863 nint
420 3804 526 3865 Graeci
540 3805 644 3885 stulti,
666 3825 794 3888 quemve
808 3805 898 3866 lmine
912 3807 1026 3885 gloriae
1040 3817 1203 3887 amatum,
1222 3827 1330 3888 quem·

236 3921 275 3964 ve
293 3903 480 3980 nduletoreo,
501 3927 591 3986 quem
617 3912 735 3993 cupidi,
763 3908 836 3968 hinc
856 3907 997 3986 colligere
1016 3929 1193 3990 pomorum:
1221 3916 1331 3989 optent

236 4005 295 4065 ooli
309 4025 372 4067 non
385 4007 466 4085 eolo,
489 4009 544 4070 oed
559 4010 727 4090 rilicernio,
750 4010 833 4089 quod
845 4019 983 4073 nutrirem
997 4011 1094 4092 ipenm
1106 4033 1169 4072 non
1185 4011 1249 4092 poti
1259 4029 1329 4072 cer·

269 4204 318 4274 21)
334 4203 408 4260 Fort-
424 4214 571 4263 emotum
584 4217 709 4278 mereret.
731 4207 814 4262 Mor.
