2959 4850
525 319 781 393 PRAEFATIO.
1104 331 1204 380 mn

126 479 191 562 quis
203 487 252 539 sut
263 477 355 540 nimiu
368 479 494 542 Romani
506 481 652 542 sermonis
667 479 813 560 religione
825 477 943 540 silentio
957 475 1131 559 praeterire,
1152 489 1205 541 aut

124 603 175 666 pu
186 581 389 643 circuitionem
403 583 553 664 explicare
569 583 715 662 voluerit,
736 602 793 668 uae
808 581 861 641 ille
874 579 949 668 multi
962 580 1151 662 imprudens,
1172 591 1204 644 et

124 685 202 770 cuiun
220 685 366 745 sententia
386 686 507 746 minime
526 686 740 762 standum'sit,
760 683 882 746 uidetur
896 683 1084 744 iudicandus.
1125 684 1205 746 Ver·

121 787 193 848 sioni
208 788 316 848 leonis
333 785 372 845 ad
390 789 552 867 marginem
567 789 747 852 exteriorem
761 786 906 848 lectiones
927 787 1045 848 Codicis
1061 797 1133 848 sunt
1150 810 1207 872 ap·

121 890 239 972 positae,
261 889 356 952 sicubi
371 909 486 970 vocem,
502 913 519 952 s
533 893 662 954 librariis
677 891 831 952 manifesto
848 900 1029 972 corruptam,
1041 890 1075 950 in
1090 901 1208 952 textum

120 991 224 1073 mcepi.
250 991 312 1051 Ubi
324 991 469 1054 dubitatio
486 994 615 1073 suberat,
634 995 792 1056 lectionem
806 990 922 1054 Codicis
931 993 965 1052 in
978 1001 1065 1056 textu
1079 995 1207 1074 ιοπινί,

121 1095 322 1155 coniecturam
339 1115 435 1156 meam
452 1097 548 1159 adieci
562 1098 596 1158 in
613 1119 682 1177 ora,
703 1095 836 1158 sivslds
851 1094 1053 1177 probabilem,
1073 1097 1208 1178 praefixa

121 1197 217 1258 litters
238 1197 261 1257 1.
281 1196 341 1258 huo
353 1207 397 1258 est
409 1199 484 1279 lege,
504 1200 553 1262 sin
569 1199 677 1279 minus,
697 1197 831 1286 praelixa
842 1201 875 1278 f.
885 1201 1020 1275 sonuere
1034 1199 1114 1283 (nam
1122 1204 1209 1280 forte

121 1298 261 1379 siquando
276 1299 458 1382 impressum
479 1311 541 1381 est,
561 1301 594 1364 id
616 1323 728 1383 aequus
748 1302 846 1363 lectur
859 1301 1033 1363 osoitmtise
1048 1323 1208 1384 operarum

120 1400 266 1484 umbus).
290 1403 327 1462 ln
339 1423 454 1464 summu
466 1403 500 1465 id
515 1405 570 1485 egi,
583 1415 619 1466 ut
634 1405 673 1466 de
686 1405 905 1489 suspicionrbus
916 1405 1000 1483 meis,
1014 1425 1104 1486 quum
1115 1425 1209 1487 quse·

120 1522 172 1582 que
197 1504 362 1585 probabssis
381 1506 423 1568 sit
445 1505 510 1568 sire
531 1527 625 1588 vana,
657 1527 749 1592 penes
771 1509 914 1573 lectorem
939 1509 1087 1572 iudicium
1113 1510 1209 1572 relin-
1287 1592 1291 1600 ι
1330 1565 1337 1576 .

119 1615 265 1685 queretur.

198 1777 282 1854 XIII.
309 1781 466 1862 Superest,
488 1789 525 1842 ut
540 1782 577 1844 de
590 1782 729 1844 instituto
743 1780 945 1844 adnotationis
962 1799 1060 1859 meae,
1080 1779 1210 1841 maxime
1279 1849 1286 1860 ,
1317 1838 1321 1855 ,

119 1879 153 1940 ad
164 1879 313 1960 leonem,
336 1884 363 1944 si
384 1886 438 1964 qui
451 1895 588 1966 rugatum
600 1904 648 1947 me
667 1887 700 1946 iu
714 1885 753 1946 iio
769 1884 859 1947 latius
873 1893 963 1966 utque
976 1882 1132 1944 deflexisse
1143 1901 1210 1944 sue-

119 2002 278 2062 peuumero
303 1985 341 2046 de
360 1987 411 2048 via
431 1997 557 2069 putent,
578 1989 660 2070 apud
676 1988 892 2050 existimatores
913 1986 1021 2048 hurum
1037 2007 1139 2048 rerum
1157 1987 1210 2045 in-

119 2085 284 2164 telligentes
301 2097 331 2147 et
344 2108 454 2170 aequos
472 2090 578 2172 paucis
593 2111 640 2151 me
651 2111 787 2172 purgem.
827 2090 945 2152 Etenim
959 2089 1096 2149 intellexi
1110 2087 1210 2168 tripli·
1224 2091 1257 2148 Ρ.
1273 2093 1340 2146 xvu

121 2186 191 2250 citer
203 2187 274 2248 fieri
289 2210 393 2270 posse,
413 2200 450 2251 ut
463 2191 586 2253 editoris
606 2193 640 2252 in
656 2211 745 2273 opere
761 2191 933 2272 exequendo
949 2189 1093 2250 sedulitas
1110 2189 1214 2248 fanto-

120 2307 180 2348 rum
191 2301 369 2352 nostrorum
381 2293 604 2355 benevolentiae
616 2293 803 2374 aliquatenus
819 2292 1021 2374 responderet.
1061 2291 1130 2350 Uno
1147 2309 1213 2350 uso-

121 2389 168 2467 do,
191 2391 392 2475 decriptores
404 2395 498 2477 ipson,
521 2395 621 2478 quales
637 2395 670 2457 in
685 2395 866 2459 membranis
884 2393 1087 2465 offendissem,
1107 2391 1211 2453 subls-

120 2494 155 2553 tis
180 2505 301 2557 tuntum
319 2500 484 2560 manifestis
506 2498 639 2576 mendis,
661 2499 763 2560 additu
780 2499 887 2561 Latina
909 2497 1062 2574 versione,
1083 2492 1210 2556 arbitrio

121 2600 308 2661 eruditorum
328 2602 541 2684 permitterem.
590 2602 720 2681 Deinde,
751 2622 820 2663 cnm
842 2600 972 2683 plmims
994 2607 1093 2657 essent
1114 2615 1212 2676 nuper

119 2700 149 2761 in
165 2702 353 2767 Bibliotheca
370 2704 477 2785 Regia,
498 2706 593 2766 mults
607 2706 759 2787 supersint
774 2703 905 2764 adhunc
922 2701 1017 2775 diem,
1037 2700 1137 2760 adres
1149 2700 1213 2779 By·

121 2806 254 2866 sentinus
277 2806 497 2887 quodammodo
517 2809 718 2890 pertinentia,
745 2826 844 2886 neque
865 2804 945 2865 edita
967 2802 1084 2880 adhuc,
1114 2819 1213 2881 neque

121 2924 250 2988 uuquam
275 2910 384 2991 opinor
408 2908 457 2995 (ut
478 2932 561 2973 nuno
580 2922 651 2972 suut
671 2908 820 2993 tempora)
844 2908 960 2985 integra
979 2906 1080 2966 lucem
1099 2904 1211 2979 visura,

120 3004 201 3071 Vitae
216 3014 416 3093 Sanctorum,
439 3014 580 3095 epistolae
593 3016 721 3077 fratrum
737 3016 926 3086 devotorum,
948 3007 1132 3078 musetum,
1153 3026 1212 3087 ΡΙ·

119 3110 336 3194 triurcbarum,
356 3126 501 3179 mustus
516 3118 692 3197 dogmatici,
712 3114 853 3190 ascetici,
877 3110 1017 3194 polemici
1029 3129 1135 3189 magno
1150 3127 1212 3168 uu-

120 3230 216 3293 meru,
239 3220 360 3279 annales
373 3240 492 3300 quoque
508 3220 632 3299 inediti,
652 3221 843 3303 pervoluture
857 3236 891 3277 es
905 3213 1036 3274 studiose
1052 3222 1140 3292 atque
1155 3230 1213 3271 ex-

120 3334 239 3397 cerpere
258 3320 345 3401 coepi
362 3322 506 3402 quioquid
523 3322 620 3384 lucem
641 3324 748 3385 afferre
767 3328 887 3404 poterat
903 3317 989 3377 annis
1005 3314 1144 3391 sedecim,
1162 3310 1214 3392 qui

121 3431 251 3482 omorte
269 3424 456 3487 Constantini
470 3426 533 3489 Vll.
554 3426 831 3509 Porphyrogeuetae
849 3422 924 3505 (xv.
942 3419 1102 3481 Novembr.
1118 3410 1213 3494 959.)

122 3520 157 3579 sd
174 3522 370 3608 Tzimiscem,
396 3550 430 3590 x.
458 3530 575 3597 Ienusr.
594 3536 668 3599 976.
689 3550 804 3591 veneno
826 3526 992 3601 sublatum,
1019 3522 1214 3595 effluxerunt,

122 3640 308 3707 quorumque
325 3632 499 3693 memorium
520 3634 580 3693 Leo
595 3634 770 3716 complexus
789 3640 844 3692 est.
884 3626 944 3687 Ubi
966 3646 1032 3687 cum
1052 3623 1216 3706 pnedpm

122 3725 186 3783 usui
199 3726 275 3788 mibi
288 3732 401 3793 luerint
413 3732 555 3795 historiae
569 3735 660 3809 duae,
681 3737 774 3795 alteru
787 3730 933 3792 Simeonis
946 3726 1125 3807 Logothetae
1138 3724 1213 3808 (vid.
1260 3793 1264 3801 ,

122 3821 233 3893 Harles.
250 3832 329 3893 Bibl.
347 3834 398 3899 Gr.
412 3836 477 3899 Vll.
496 3838 569 3904 685.
588 3836 640 3919 1.),
662 3838 756 3899 altera
772 3835 843 3896 Iulii
864 3832 995 3895 Pollucis
1019 3829 1070 3913 (de
1084 3850 1144 3909 qua
1157 3815 1215 3886 in-

123 3926 165 3985 fr·
184 3934 254 3995 179.
271 3930 338 4011 B.),
363 3934 414 3997 ltic
434 3938 532 3999 facere
552 3960 615 3999 non
635 3958 775 4020 possum,
804 3936 877 4017 quin
894 3933 1071 3994 Italicorum
1090 3947 1212 4011 quoque

124 4028 306 4090 eruditurum
324 4032 357 4093 iu
372 4054 420 4097 me
435 4038 586 4115 animum,
609 4059 700 4117 quam
723 4037 869 4117 singulari
887 4030 1119 4106 'officio'fuen't,
1142 4049 1212 4109 gru·

123 4136 170 4189 tus
183 4150 419 4200 commemorem.
453 4140 528 4201 Nam
542 4141 700 4222 repentino
716 4142 788 4201 anni
802 4138 893 4207 1815.
906 4149 1050 4219 ternpore,
1073 4154 1142 4194 curn
1154 4141 1213 4192 stt·

123 4238 205 4315 tuse,
225 4236 361 4318 tabulae,
390 4240 507 4323 reliqua
525 4242 682 4307 cirinum
702 4254 876 4306 ornamenta
894 4240 1023 4304 Parisios
1043 4236 1116 4299 olim
1136 4254 1213 4297 eon·
