2959 4850
195 304 302 409 ⁴aaa
385 404 389 415 ¹
428 310 661 382 exemere
679 310 741 379 ax
761 310 932 384 rnsron
960 316 1143 386 sanun

310 473 398 537 Anno
420 472 550 537 Arabum
570 472 651 551 364,
672 474 855 537 Graecorum
879 478 978 553 1286,
998 476 1200 541 Romanormn
1217 478 1317 562 imps-

225 583 309 638 rator
328 576 419 653 Iron,
441 577 520 637 idem
537 577 588 637 ille
602 574 908 658 Scbnmnscbcbigus,
929 578 1047 659 Syriam
1065 580 1230 659 ingressus,
1250 582 1317 643 lla-

225 678 344 743 msdanr
365 688 395 737 et
410 680 570 740 Balbecum
585 678 666 759 oepit
680 690 710 740 et
726 700 817 759 quum
832 681 1006 739 Damascum
1022 680 1211 760 proiecturus
1230 691 1317 760 esset,

154 776 156 782 ’
222 780 461 857 Bar-Zsocstb,
483 778 592 840 nobilis
610 781 703 841 Arabs
716 784 828 861 Syrus,
849 781 960 863 scripta
981 782 1022 841 sd
1046 782 1180 843 Drmmci
1201 786 1318 864 praeis-

225 888 318 957 otum,
340 879 534 962 Pbstgsnnm,
553 882 694 964 epistola,
717 884 875 944 consilinm
890 883 918 943 ei
931 882 1023 959 dedit,
1042 902 1096 958 ne,
1117 904 1207 963 quum
1218 885 1316 946 imbe-

224 980 324 1041 cillior
339 993 428 1056 esset,
450 984 651 1045 Romanorum
664 986 728 1063 regi
741 966 907 1046 obsisteret.
949 986 1164 1065 Obtemperans
1175 986 1229 1045 ills
1241 985 1317 1045 buio

223 1085 350 1144 oonsilio
361 1084 533 1165 imperatori
548 1085 824 1165 Sobnmusohobigo
844 1085 1041 1148 obedientiam
1055 1094 1084 1145 at
1105 1090 1241 1163 800,ωο
1259 1107 1317 1147 zu-

222 1204 324 1245 aarum
341 1188 488 1248 tributum
506 1189 661 1269 promisit,
684 1207 745 1268 quo
759 1188 920 1270 imperator
933 1186 1225 1268 Scbumruclrcbigus
1238 1209 1316 1249 oon·

222 1297 330 1375 tentus
349 1288 417 1350 fuir.
466 1290 546 1351 Huic
570 1292 712 1351 Damasco
736 1290 986 1371 appropinquanti
1006 1291 1174 1369 Phatganus
1198 1290 1315 1352 obviam

222 1390 321 1450 factus
339 1410 416 1470 equo
438 1392 591 1453 descendit
610 1403 639 1453 st
652 1403 762 1455 terram
776 1392 933 1472 aliquoties
947 1394 1096 1453 osculatus
1113 1401 1167 1451 est.
1206 1392 1315 1451 laetus

222 1490 280 1551 boc
302 1513 335 1553 re
349 1494 510 1573 imperator
530 1514 638 1574 equum
659 1494 857 1554 conscendere
870 1516 937 1555 enm
955 1495 1047 1555 iussit
1059 1495 1246 1573 multumque
1255 1493 1315 1553 bo-

221 1593 351 1653 noravit.
393 1594 494 1655 lussns
518 1598 638 1673 deinde,
660 1604 695 1655 ut
714 1616 815 1656 coram
836 1617 870 1656 so
885 1597 1056 1658 decurreret
1072 1606 1102 1655 et
1113 1595 1236 1655 militiae
1249 1614 1315 1675 spe-

223 1694 320 1753 cimen
335 1688 449 1771 ederet,¹
471 1717 564 1777 quum
577 1698 772 1775 decurrisset,
793 1698 981 1779 imperatoris
994 1699 1084 1759 laude
1098 1697 1316 1759 motusitcruut

222 1814 299 1875 equo
314 1796 467 1858 descendit
476 1810 645 1879 terramque
653 1800 806 1861 oscrdntus
817 1809 871 1859 est.
911 1801 1099 1882 Imperatoris
1109 1799 1192 1859 iussu
1204 1818 1316 1879 equum

223 1899 400 1959 conscendit
422 1907 452 1958 et
475 1920 566 1979 quum
588 1900 639 1961 illo
661 1900 751 1961 unius
771 1909 890 1961 tantum
914 1903 985 1962 anni
1003 1901 1151 1963 tributum
1176 1902 1315 1981 exigeret,

222 1999 322 2061 denuo
344 2000 514 2080 descendit,
543 2012 654 2062 terram
673 2002 872 2065 osculaturus.
914 2003 1090 2084 Imperatori
1105 2024 1213 2083 equum
1220 2049 1231 2081 ,
1252 2023 1315 2084 quo
1444 2026 1452 2036 ·

218 2115 325 2166 vectus
350 2105 537 2178 decurrerat,
558 2103 689 2183 gladium
711 2113 741 2164 et
755 2103 873 2163 basum
893 2104 1056 2186 postulanti
1078 2126 1140 2165 non
1157 2104 1231 2166 baec
1244 2114 1317 2166 tau·'

219 2214 301 2283 turn,
325 2207 379 2267 sed
392 2207 567 2267 vestimenta
580 2226 696 2285 quoque
703 2250 712 2283 ,
739 2216 872 2267 aromata
885 2217 917 2267 et
930 2208 1032 2267 decem
1045 2227 1138 2287 equos
1151 2226 1221 2267 cum
1231 2207 1317 2267 mul-

218 2310 258 2369 tis
281 2308 375 2369 hestia
399 2309 523 2384 obtulit;
547 2307 599 2367 sed
617 2308 782 2391 imperator
798 2310 890 2370 istum
910 2320 1029 2371 tantum
1049 2329 1161 2391 equum
1178 2317 1209 2368 et
1226 2308 1315 2369 istam

217 2420 338 2471 tantum
350 2409 464 2472 hastam
482 2408 615 2490 occepit,
635 2411 760 2491 reliquis
772 2411 914 2488 redditis,
935 2412 1140 2474 benevolentis
1159 2411 1221 2472 eius
1236 2431 1315 2472 con-

216 2525 333 2588 tentus3
355 2515 416 2576 imo
437 2513 570 2573 smioivit
584 2512 770 2593 Pbatgsnum
790 2514 954 2596 splendidis
968 2515 1101 2577 vesfibus
1114 2523 1145 2574 et
1160 2521 1314 2596 praeterea

218 2616 359 2699 operibus
377 2637 449 2677 auro
468 2603 654 2694 fabrefactis,
673 2617 805 2678 vestibus
827 2625 949 2695 argento
965 2614 1054 2674 tectis
1071 2623 1101 2674 st
1114 2615 1202 2676 mulis
1221 2615 1314 2676 dona.

217 2719 273 2780 vit.
316 2719 389 2780 Inde
404 2717 545 2778 Sidonem
566 2719 721 2798 profectus
736 2727 797 2796 est,
821 2717 908 2779 ouius
929 2715 1010 2776 cives
1027 2715 1145 2776 obviam
1158 2718 1267 2796 egressi
1280 2736 1315 2779 se

219 2821 410 2884 subiecerunt
432 2821 512 2881 dona
530 2819 704 2901 offerentes,
731 2829 915 2903 quapropter
929 2817 966 2876 iis
982 2815 1095 2878 relictis
1113 2817 1247 2898 Beryton
1260 2818 1315 2879 du·

218 2925 283 3001 xit,
303 2943 391 3004 quam
414 2923 448 2984 vi
469 2921 587 3003 aperuit
603 2931 633 2983 et
652 2923 790 3008 diripuit.
832 2921 906 2982 lnds
924 2919 1066 2980 Gabalein
1082 2918 1170 2980 venit
1189 2930 1220 2980 et
1243 2918 1314 3000 quia

219 3026 283 3085 eius
301 3026 417 3086 incolae
438 3025 630 3103 resistebant,
652 3027 684 3088 vi
707 3029 795 3089 etiarn
815 3021 1007 3105 expugnavit
1046 3019 1171 3102 Direpta
1192 3041 1225 3082 ea
1237 3021 1312 3082 Tar-

220 3147 276 3186 son
292 3128 448 3207 prossctus
466 3137 528 3205 sst,
549 3131 602 3190 ubi
616 3129 814 3211 imperatricis
831 3123 1042 3206 Theophanios
1055 3123 1148 3182 frater
1162 3141 1310 3183 venenum

218 3229 245 3288 ei
266 3226 432 3308 potandum
449 3228 600 3308 praebuit,
623 3239 804 3311 quapropter
823 3229 857 3288 in
872 3247 991 3309 gravem
1008 3226 1145 3286 morbum
1160 3224 1267 3285 incidit
1281 3235 1313 3286 et

218 3329 252 3388 in
267 3328 373 3390 urbem
387 3327 499 3408 regiam
513 3350 653 3392 reversus
666 3343 805 3394 mortuus
816 3341 877 3408 est,
897 3339 1057 3412 postquam
1077 3333 1205 3407 quattuor
1216 3347 1314 3388 annos

216 3439 404 3510 regnaverat.
454 3431 512 3492 Hic
534 3432 567 3491 in
588 3433 701 3514 agendo
720 3442 872 3512 suenum,
899 3451 1026 3513 corporo
1049 3428 1187 3506 validus,
1213 3429 1314 3490 animo

217 3532 320 3610 fortis,
342 3532 422 3594 bello
435 3533 510 3594 felix
524 3543 595 3596 erat
639 3536 747 3596 Statim
759 3557 777 3596 a
790 3535 874 3614 regni
893 3533 980 3594 initio
994 3551 1064 3612 erga
1076 3550 1180 3592 omnes
1190 3551 1315 3611 magna·

215 3633 334 3694 nimum
355 3621 385 3696 se
404 3637 557 3716 praebuit,
586 3637 779 3720 captivosque
799 3636 923 3698 dimisit.
967 3632 1230 3713 Constantinopoli
1246 3653 1315 3692 ma·

215 3755 304 3814 gnam
323 3737 480 3801 ecclesiam
504 3737 691 3818 aedificavit,
724 3741 836 3802 multas
849 3737 959 3813 urbes,
985 3735 1156 3815 multasque
1177 3733 1314 3814 regiones

216 3836 341 3919 subegit.
383 3841 536 3901 Mortuum
553 3840 707 3923 principes
730 3852 762 3903 et
773 3842 875 3924 plebes
898 3839 1008 3902 mirum
1023 3836 1058 3896 in
1079 3836 1204 3926 modum
1222 3835 1314 3896 luxe-

212 3948 298 4001 runt.
340 3940 412 4001 Post
430 3959 499 4000 snm
518 3939 707 4021 imperatoris
720 3943 848 4005 Romani
867 3940 940 4014 lilii,
960 3937 1087 4000 basilios
1112 3949 1143 3998 et
1164 3937 1314 3998 conann-

214 4039 314 4117 tinus,
336 4061 392 4123 per
409 4043 453 4108 86
479 4061 573 4101 annos
586 4042 747 4125 imperium
768 4046 964 4106 obtinuerunt
976 4058 1049 4105 veru
1069 4059 1170 4100 amore
1188 4058 1220 4098 se
1232 4037 1314 4100 invi-

214 4161 280 4201 cem
296 4142 459 4224 oompleui.
502 4143 648 4224 Basilius,
670 4146 741 4227 quis
755 4144 927 4208 bellicosior
942 4153 1021 4221 erat,
1043 4140 1239 4204 Constantino
1253 4140 1315 4202 ira·

213 4251 261 4304 trs
273 4243 307 4303 in
319 4243 393 4306 urbe
402 4243 484 4326 regia
494 4245 602 4307 relicto
609 4290 620 4328 ,
641 4248 786 4313 continno
802 4267 872 4310 cum
886 4245 1032 4310 brabibus
1045 4243 1126 4305 balla
1136 4243 1237 4324 gessit
