2959 4850
259 268 334 347 448
604 276 641 348 C.
660 278 696 349 B.
717 276 832 349 nasu
849 279 1001 350 NOTAE

257 442 368 505 σπᾶται
376 432 493 515 editor,
503 435 764 517 pulchritudinem
769 458 835 500 uere
842 433 1112 518 concupiscnsdam
1119 436 1237 501 haurit.
1251 436 1343 518 epau

258 528 288 585 S.
302 525 443 585 Basiliam
456 524 492 583 In
508 524 613 585 divites
630 544 733 584 avaros
746 524 769 588 I.
782 524 854 589 414.
868 523 906 587 A.
927 516 1000 586 etot
1020 516 1108 597 odrae
1129 519 1232 601 ίφοτὸς
1251 522 1268 587 o‘
1286 516 1345 587 ld·

257 632 325 691 γος,
348 610 428 689 quod
451 608 543 668 vertit
564 608 687 668 Ioannes
703 607 924 689 Argyropylus,
948 609 1009 667 Nec
1023 610 1096 665 'ista
1112 610 1262 666 rationem
1280 608 1343 665 ha-

256 694 337 770 bent,
355 702 512 772 corruptus
524 694 617 769 locus,
633 703 669 754 ut
682 692 827 753 arbitror:
846 692 964 751 tametsi
976 692 1108 751 nondum
1122 692 1242 767 extrica,
1260 712 1344 771 qao-

255 778 345 861 modo
368 778 408 837 sit
432 778 639 841 emendandus.
680 778 862 838 Adverbium
880 776 1007 854 ίφετιός,
1034 774 1157 855 cupide,
1179 786 1344 854 usurpatur

225 860 293 923 Dab
312 864 419 923 Ioanne
437 862 558 925 Moscho
576 864 663 923 Prato
681 860 830 943 spirituali
847 866 936 927 1092
952 863 987 921 Δ.
1005 860 1119 938 ἐφετοῑς
1132 856 1173 941 μὴ
1186 856 1343 944 παράσχῃς

255 945 313 1029 τὴν
326 944 402 1011 κατὰ
417 943 524 1025 καιρὸν
537 941 703 1027 συνήθειαν
718 952 782 1021 τοῖς
794 952 935 1025 πτωχοῖς·
959 966 1019 1025 quo
1030 946 1063 1003 in
1079 946 1146 1005 Ioco
1164 948 1341 1025 exponendo

254 1032 327 1091 item
343 1033 430 1113 plane
446 1031 592 1093 aberravit
607 1030 762 1111 interpres.
803 1031 863 1104 Ita,
888 1048 955 1088 cum
967 1025 1069 1108 ἔφετός
1086 1038 1116 1089 et
1130 1029 1268 1108 ίφετοῖςκ
1282 1048 1341 1111 va-

255 1117 310 1177 riis
322 1118 559 1195 frequententur,
581 1117 661 1197 apud
676 1114 834 1195 Polybium
848 1112 871 1175 I.
895 1118 965 1180 288.
980 1120 1030 1181 12
1046 1114 1157 1192 ίῳετῶς
1169 1113 1220 1176 καί
1232 1112 1344 1192 ταχίους

256 1196 441 1283 α’ναγκιίσαι,
466 1198 574 1279 cupide
589 1212 616 1259 et
639 1203 697 1259 cito
712 1220 828 1280 eogere,
849 1198 1018 1257 mendosam
1031 1218 1135 1258 vocem
1151 1218 1214 1257 ease
1228 1198 1282 1257 vix
1294 1198 1342 1255 ai-

255 1286 417 1361 firmarem‚
439 1285 497 1346 nisi
517 1284 725 1348 hoesuaderet
741 1283 939 1361 vinemari,
961 1282 1073 1363 ἕφετοίς
1088 1282 1231 1360 delentis,
1253 1280 1343 1360 digua

256 1370 436 1433 verecundia
462 1370 631 1431 auctoritas.

339 1459 418 1535 Pag·
439 1458 490 1521 79.
511 1454 566 1519 lin.
589 1459 638 1520 11.
660 1458 715 1535 τῆς
736 1447 846 1518 τούτου
861 1453 967 1535 κυρίας
989 1446 1219 1533 depretionem]
1242 1447 1343 1529 Καρία

256 1538 409 1600 interdum
419 1549 610 1617 potestatem,
634 1538 866 1616 dominationem
883 1538 1060 1616 significare,
1080 1538 1131 1596 vel
1148 1556 1164 1595 e
1180 1535 1256 1595 locis
1271 1552 1343 1593 con-

251 1633 316 1699 stat
334 1624 367 1682 in
388 1623 459 1682 Lex.
477 1622 639 1701 Polybiane
661 1624 871 1689 V111.11.359.
889 1623 1033 1686 collectio.
1074 1622 1127 1680 Est
1140 1641 1202 1681 vox
1215 1642 1233 1678 a
1246 1620 1341 1677 Lxx.

254 1707 398 1786 interprr.
407 1706 664 1786 scriptoribusque
677 1706 869 1767 hellenisticis
880 1708 1039 1787 praecipue
1052 1707 1245 1783 frequentata,
1253 1722 1344 1781 quam

254 1791 389 1873 plerique
402 1790 537 1851 scribunt
552 1792 665 1873 κυρεία.
700 1792 831 1853 Aristeas
841 1802 950 1869 tamen,
973 1792 1015 1849 De
1030 1790 1101 1868 legis
1113 1790 1233 1849 divinae
1245 1797 1343 1846 trana-

255 1876 378 1949 latione,
400 1880 430 1940 9.
452 1876 484 1936 C.
507 1880 562 1937 rori
578 1877 725 1955 φανέντος
742 1871 913 1957 ἐνὸχουτήν
924 1876 1033 1957 κυρίαν
1048 1874 1138 1950 ἕξειν·
1161 1874 1233 1932 item
1247 1874 1276 1935 S.
1289 1872 1344 1930 Io·

255 1980 347 2020 annea
361 1958 591 2039 chrysostomus
612 1962 710 2024 Caten.
734 1961 767 2019 in
779 1962 881 2020 Ierem.
893 1961 916 2021 1.
932 1964 1003 2027 298.
1018 1959 1052 2019 Δ.
1074 1958 1344 2018 Grammaticorum

255 2063 390 2104 sermone
414 2044 515 2103 tritam
535 2064 641 2104 vocem
655 2041 762 2127 κύριον
775 2042 869 2125 ὄνομα
882 2064 944 2103 non
957 2042 1108 2103 intellexit
1118 2043 1244 2102 Ioannes
1257 2040 1344 2100 Hen-

253 2130 353 2189 teuius
375 2127 413 2188 ad
430 2128 571 2189 Aretbam
586 2130 806 2209 Explicationn.
825 2131 858 2187 in
874 2130 1062 2208 Apocalypa.:
1083 2148 1152 2188 nam
1164 2128 1201 2186 11.
1216 2128 1290 2193 878.
1305 2121 1342 2185 A.

253 2212 278 2293 η’
292 2208 407 2293 ἰδιότης
419 2218 475 2294 τῆς
488 2208 679 2287 inauriatur
691 2211 816 2277 ἑκάστου
829 2208 1004 2294 οἷφορίζηται
1020 2208 1071 2274 ded
1083 2216 1140 2275 rosi
1152 2212 1260 2291 κυρίου
1273 2202 1344 2271 8νό-

243 2314 360 2380 ’μοτος,
377 2318 509 2377 Persona
529 2301 771 2377 uniuscuiusque
786 2297 992 2377 distinguitur
1003 2300 1121 2355 nomine
1130 2298 1275 2376 proprio,
1296 2293 1343 2351 sic

253 2382 398 2443 reddidit:
427 2378 582 2462 sepiretur
604 2404 661 2462 per
679 2404 785 2442 nomen
806 2385 944 2443 Domini.
987 2380 1083 2442 Simili
1101 2380 1190 2441 modo
1207 2376 1341 2438 Concilio

138 2475 171 2530 P.
186 2471 240 2532 880
255 2469 393 2530 Lateran.
417 2467 469 2528 111.
490 2469 560 2534 840.
576 2468 610 2527 Δ.
632 2469 743 2549 κυρίως
761 2469 814 2531 καί
834 2465 908 2531 nasei
926 2461 1075 2548 α’ίήθειαν
1089 2457 1343 2541 Θεοτόκονοιίτήυ

253 2551 404 2635 ὁμολογοῖ,
423 2571 504 2629 uon,
524 2553 695 2631 specialiter
706 2564 733 2610 rt
744 2552 907 2611 seeundum
921 2555 1084 2627 veritatem,
1104 2561 1141 2611 ut
1153 2559 1199 2610 eat
1215 2549 1341 2622 incuso,

253 2637 327 2716 sed,
344 2639 469 2717 proprie
486 2647 514 2694 et
536 2635 701 2696 secundum
712 2641 867 2696 veritatem
879 2640 941 2696 Dei
950 2641 1125 2716 genitricem
1141 2655 1207 2693 eam
1222 2632 1343 2710 consue-

254 2735 323 2794 tur,
343 2722 520 2780 vertendum
543 2731 596 2784 est
636 2718 675 2785 18
694 2717 913 2802 adoraverim,
935 2723 963 2780 si
978 2721 1015 2780 de
1030 2722 1164 2780 oratione
1176 2717 1343 2797 loquimur,

252 2807 409 2870 verborum
417 2809 634 2885 proprietatem
647 2807 813 2884 significare
827 2802 902 2887 (non
917 2826 1026 2881 rerum,
1039 2814 1076 2864 ut
1089 2800 1344 2863 babetlteiakiana

252 2891 350 2952 verrio
367 2889 490 2970 Dionys.
504 2891 703 2951 Halicarnaso.
717 2890 811 2954 India.
831 2890 868 2949 de
882 2890 1020 2950 Dinarcb
1033 2889 1068 2949 V.
1082 2893 1154 2956 639μ
1169 2890 1232 2964 12),
1252 2904 1344 2944 nemo

253 2975 358 3056 estqui
371 2976 492 3034 nesciat.
513 2976 593 3036 IIIud
609 2977 704 3035 minus
716 2984 831 3053 notum,
844 2971 877 3038 ri
888 2970 993 3055 scriptos
1006 2995 1069 3034 ease
1083 2972 1235 3032 interdum
1248 2989 1344 3028 erens-

247 3061 323 3138 plar
344 3061 501 3137 princepe,
531 3057 564 3122 τὰ
581 3056 794 3143 πρωτότοκον)
827 3061 877 3118 cui
897 3053 1144 3139 opponanturve*
1167 3051 1342 3129 α’ντίτυτιου,

252 3139 331 3219 ίσον,
351 3141 374 3222 ἦ
389 3143 614 3222 ίσοδυυαμοῦσα
626 3141 739 3226 γραφή.
781 3145 864 3218 Quae
877 3162 965 3204 voces
977 3142 1049 3202 item
1065 3141 1173 3222 passim
1188 3139 1344 3217 negotium

251 3227 434 3288 facessmunt
445 3225 664 3306 interpretibus,
684 3239 720 3287 ut
731 3228 937 3288 demonstrabo
949 3226 1030 3288 alibi.
1072 3225 1258 3285 Vocabulum
1273 3220 1344 3280 sub.

250 3309 417 3370 stantivum
428 3305 533 3390 κύριος
542 3311 755 3372 restituendum
770 3322 814 3372 eat
831 3312 948 3373 Gelasio
963 3307 1108 3390 Cyzicena
1122 3307 1252 3368 Historia
1264 3307 1344 3364 Con-

251 3395 314 3454 cilii
329 3393 450 3457 Nissen.
465 3395 488 3454 l·
503 3398 575 3461 397.
591 3396 622 3457 C.
644 3393 698 3470 sole
711 3391 767 3459 irio
782 3391 890 3475 φύσεις
900 3388 1127 3477 κροσθήσανττς
1138 3393 1267 3472 κυρίως·
1287 3388 1345 3449 ubi

249 3479 409 3557 legendum
430 3481 549 3564 Κυρίῳ,
570 3499 626 3539 neo
645 3481 838 3558 vertendum,
860 3480 942 3539 duaa
955 3485 1254 3557 naturasopponunt
1261 3495 1345 3555 pro-

245 3566 317 3644 prie
331 3566 404 3642 eiua,
426 3563 488 3640 sed,
508 3562 591 3622 duas
602 3577 732 3624 naturas
746 3576 952 3645 apposuerunt
963 3566 1106 3623 Domino.
1149 3562 1260 3619 Contra
1272 3559 1346 3618 exi-

249 3647 391 3708 mendum
412 3667 451 3707 ex
470 3649 668 3730 inscriptione
688 3671 776 3731 quam
791 3651 960 3710 Honoratus
972 3647 1092 3708 Boucbe
1105 3647 1193 3708 Hiat.
1208 3643 1245 3702 de
1259 3647 1344 3703 Pro-

250 3733 379 3794 vencel.
399 3736 449 3798 88.
471 3733 506 3795 Δ.
528 3735 572 3793 sic
591 3735 686 3794 edidit
706 3755 740 3794 ac
754 3735 860 3795 vertit:
881 3735 1109 3796 ΑΕΥΔΙΜΟΣ
1121 3731 1350 3791 momatur

223 3815 343 3898 B[aic]
372 3819 524 3879 ΚΥΡΙΟΣ
547 3818 752 3887 utinam
775 3823 857 3881 ΚΑΙ
875 3819 1122 3879 reputaret
1142 3809 1349 3876 Numae

250 3899 454 3960 Ettffltow
471 3905 552 3963 ΚΑΙ
562 3903 955 3966 ῙΤΜΝΑΖΙΑΡΧΗΣΑΟ
962 3904 1037 3961 AI!
1043 3916 1052 3937 ·
1063 3896 1246 3970 findimus,
1257 3899 1345 3954 Bao-

250 3982 332 4041 eltioi
342 3985 485 4060 princepe
496 3989 678 4063 certaminis,
701 3996 754 4045 aut
765 3983 844 4063 tude,
865 3986 964 4042 senior
978 3985 1034 4063 qui
1045 3985 1121 4041 vicit
1132 3981 1345 4055 adolescentes,

250 4077 280 4126 et
301 4069 335 4124 in
351 4069 498 4125 exercitiis
520 4067 615 4126 nudie
630 4071 773 4147 palmam
795 4069 885 4144 tulit,
906 4068 963 4130 bis.
1005 4069 1090 4140 Quae
1113 4087 1204 4146 quam
1223 4067 1344 4142 longea

250 4150 376 4213 veritate
396 4149 507 4228 absint,
528 4171 591 4212 non
607 4173 681 4232 opus
701 4164 745 4214 est
764 4153 971 4215 demonstrem.
1013 4151 1240 4211 Emendandum
1253 4148 1345 4209 vide-

251 4243 302 4298 tor
319 4238 481 4312 ΣΤΡΙΟΣ,
498 4245 533 4298 τί
555 4239 853 4313 meatorum,
872 4247 909 4299 ut
933 4234 1115 4300 deminutis
1135 4235 1169 4296 iu
1190 4233 1344 4316 seriptum
