2959 4850
241 270 316 347 410
579 278 617 349 G
636 280 675 347 Β.
696 278 812 349 husu
830 278 986 351 NOTAE

240 446 313 511 222
326 436 399 505 tosa
411 432 588 521 νιφάδεσσιν
600 432 719 504 ἐοικότα
730 440 922 587 γειμερἯσιν,
942 438 1107 501 maltorum
1118 435 1334 501 imitationibus

241 526 435 604 celebratum,
455 525 539 585 velut
550 525 671 586 Lusian.
691 526 836 587 Baccho!
864 575 872 591 .
891 530 942 592 81.
955 526 1000 585 liu
1016 526 1067 591 48.
1085 534 1117 583 st
1128 523 1336 585 Demosthenis

240 632 355 675 euoom.
369 612 440 678 496.
456 612 510 675 lin.
528 612 577 677 85.
586 610 706 671 Nicetae
721 610 1023 672 Choniataeblanuale
1038 610 1179 676 (ἶοιαιιειι,
1192 610 1243 677 58.
1260 611 1294 673 1).
1302 612 1331 670 S.

241 698 365 777 Gregor.
383 695 521 758 Nazianz.
542 696 636 776 Epist.
650 717 775 761 curm.
791 697 914 763 11892.
929 696 964 755 Β.
977 690 1010 757 τά
1024 692 1057 756 δέ
1069 692 1145 777 άτιέρ
1166 689 1221 768 τάς
1232 717 1336 775 χειμε-

240 782 326 927 ρίους
340 776 417 847 εἶναι
430 775 582 860 νιφάδος·“
590 782 672 863 quod
685 783 793 844 Billius
807 782 919 843 insulse
926 779 1070 858 reddidit,
1087 781 1217 847 alterum
1231 791 1335 838 autem

265 872 354 928 iemes
374 890 410 927 su
431 878 498 927 eret.

212 960 236 1017 B
323 952 387 1015 Nec
405 890 519 1013 Ptemen
545 953 642 1013 solum
666 953 705 1014 de
729 951 852 1013 flumina
876 948 1018 1013 orstiouis
1046 943 1142 1028 νιφάς
1164 948 1332 1028 adhibetur,

240 1038 292 1100 sed
319 1038 352 1097 in
382 1037 554 1099 universum
582 1038 619 1098 de
647 1039 753 1110 rebus,
780 1037 898 1098 nivium
919 1034 1113 1096 hibernarum
1136 1032 1200 1093 ritu
1220 1034 1334 1093 affatim

240 1122 451 1199 accidentibus,
469 1142 537 1181 sum
550 1122 680 1205 proprie,
701 1133 765 1183 tum
778 1122 909 1202 figurate.
946 1121 1034 1183 Velut
1045 1119 1082 1178 de
1096 1118 1248 1199 lapidibus
1262 1140 1335 1177 eou-

240 1208 340 1269 iertim
359 1216 410 1268 aut
430 1207 584 1287 proiectis,
607 1218 658 1269 sut
671 1208 798 1289 desuper
821 1206 958 1284 deiectis,
981 1226 1019 1265 ex
1041 1204 1135 1263 lliods
1156 1208 1203 1266 M.
1226 1204 1287 1269 156
1305 1212 1335 1263 st

240 1297 312 1361 278.
355 1291 441 1353 Unde
466 1293 621 1374 Euripides
644 1292 843 1355 Andromach.
867 1296 958 1359 1130.
981 1290 1018 1350 de
1037 1287 1154 1369 Pyrrho
1178 1288 1257 1347 saxis
1277 1309 1334 1368 ap·

239 1378 349 1459 petito:
370 1380 480 1440 Πνιιν”
502 1374 534 1440 δὲ
550 1374 658 1459 νιφάδι
679 1374 833 1441 πάντοθεν
854 1370 1069 1456 σποδοάμενος.
1111 1374 1153 1434 Et
1166 1372 1333 1453 Aeschylus

240 1464 323 1543 Sept.
341 1472 445 1523 contro
461 1402 585 1540 l'hebas,
607 1484 638 1524 v.
656 1469 727 1531 218.
741 1457 873 1543 νιφάδος
885 1458 934 1523 δι’
949 1455 1039 1535 diois
1050 1456 1230 1539 νιφομὲιφς·
1251 1457 1334 1537 quod

239 1546 398 1607 scholiasta
416 1557 516 1608 tamen
534 1548 570 1607 de
589 1550 658 1608 telis
679 1550 903 1628 interpretatur.
947 1547 1088 1606 Oratores
1107 1564 1224 1623 quoque
1238 1541 1334 1601 Chri-

238 1632 329 1692 stisui
341 1626 473 1709 νιφάδος
481 1644 627 1712 usurpant
640 1632 675 1692 ds
683 1632 915 1715 lapidationibus
921 1631 955 1691 irs
966 1634 1090 1691 Sanctoa
1103 1629 1199 1689 iactis.
1220 1630 1250 1687 S.
1260 1628 1334 1687 Gra-

238 1716 339 1796 gorius
352 1718 476 1797 Nyssen.
498 1718 539 1775 lle
550 1717 724 1781 beatitudis.
739 1719 764 1779 1.
782 1722 855 1785 833.
869 1719 902 1778 C.
918 1718 1012 1819 χαίρει
1027 1714 1046 1779 d
1063 1713 1154 1797 μάγος
1169 1711 1333 1791 Στέφανος,

240 1800 292 1865 stol
304 1796 367 1866 oldv
380 1826 447 1873 τινα
460 1796 569 1883 δρόσον
580 1802 687 1883 ἡδεῖαν
699 1798 868 1886 προθύμως
880 1804 923 1886 τῷ
936 1822 1050 1882 σωματι
1062 1799 1174 1879 δέχεται
1181 1795 1234 1869 τάς
1245 1798 1333 1860 ἐπαλ-

240 1882 350 1967 λήλους
370 1890 427 1949 suiv
446 1889 544 1950 noos
558 1882 697 1966 νιφάδος.
739 1889 780 1948 Et
793 1889 879 1965 alibi',
902 1888 984 1947 Orat.
1001 1886 1034 1945 in
1049 1887 1079 1944 S.
1094 1882 1195 1963 Steph.
1208 1879 1246 1945 ll.
1261 1887 1332 1948 791.

242 1972 274 2031 C.
287 1974 316 2035 S.
331 1972 491 2051 Gregorius
507 1974 630 2053 Nyssen.
645 1974 682 2033 ds
696 1974 808 2045 eodem,
829 1971 923 2047 δτοΐς
938 1965 1046 2050 νιφάσι
1056 1974 1117 2031 sois
1130 1970 1227 2031 λίθων
1240 1990 1333 2029 ιιατα-

240 2049 438 2137 χωννύμενος.
465 2058 526 2117 Neo
542 2060 624 2119 ullus
636 2058 695 2118 hoc
710 2058 890 2118 vocabulum
904 2056 1015 2138 plurali
1027 2076 1152 2115 numero
1165 2054 1258 2131 magis
1270 2054 1333 2113 fre-

216 2142 403 2222 cquentarit
420 2162 509 2223 quam
531 2144 560 2208 S.
577 2144 699 2203 loannes
722 2143 967 2225 chrysostomus:
988 2142 1073 2201 ouius
1091 2140 1136 2200 rei
1153 2138 1273 2198 licitum
1294 2139 1333 2197 sit

240 2228 331 2308 paulo
352 2228 439 2307 plura
454 2228 559 2290 afferre
579 2230 729 2310 exempla,
753 2240 788 2289 ut
804 2237 961 2310 appareat,
984 2248 1071 2305 quom
1086 2227 1256 2303 frequentes
1271 2222 1332 2281 sint

242 2312 321 2395 apud
342 2314 442 2373 Patres
462 2315 599 2394 priorum
618 2315 806 2375 saeculorum
829 2313 1008 2372 imitationes
1027 2310 1158 2370 Homeri.
1201 2306 1332 2368 Adhibet

241 2396 335 2477 igitur
355 2400 384 2458 S.
407 2398 508 2460 loonn.
530 2398 635 2480 Chrys.
657 2421 725 2462 voc.
741 2394 868 2479 νιφάδες
883 2398 920 2458 de
935 2396 1024 2457 rebus
1039 2394 1197 2473 iucundis,
1218 2404 1253 2454 ut
1265 2391 1330 2453 Ηο-
1370 2387 1378 2406 ’“

240 2483 302 2546 mil.
326 2505 426 2544 xxxrr.
450 2485 483 2543 in
502 2487 530 2544 S.
550 2485 656 2548 Matth.
680 2491 752 2552 370.
771 2487 804 2548 Α.
827 2481 904 2564 άπὲρ
925 2480 982 2568 γάρ
1003 2479 1057 2556 τάς
1084 2475 1217 2558 νιφάδος
1238 2473 1331 2540 adsto

240 2567 365 2648 ιδπέρρει
384 2565 421 2630 τά
444 2563 601 2650 δοάματο·
628 2573 719 2632 vertit
734 2571 874 2646 Amanus,
897 2589 965 2626 oum
983 2568 1100 2626 nivales
1115 2565 1224 2623 imbres
1236 2566 1332 2620 miro-

241 2655 382 2712 oulorum
395 2667 563 2734 superaret:
585 2655 689 2716 omissa
705 2654 925 2758 atypogrsphis
939 2673 1012 2714 roca
1025 2649 1233 2710 multitudine.
1276 2646 1332 2707 vet

240 2736 313 2796 ibid.
327 2737 435 2799 Hamil.
449 2761 515 2801 xsv.
540 2747 609 2806 160.
628 2741 663 2804 D.
675 2743 808 2819 νιφαδας
821 2737 994 2818 παρατρέχει
1006 2739 1154 2818 σημείων,
1176 2735 1214 2793 de
1227 2734 1332 2793 Evan-

239 2823 371 2968 ‘ginand
384 2825 671 2969 rpultaGServatorip
688 2826 833 2972 rrpmffils
852 2824 972 2884 silentio
987 2829 1225 2974 pragpugpntes
1251 2815 1333 2963 quopd

239 2927 252 2966 ι
275 2929 321 2968 em
363 2930 401 2969 scr
417 2931 451 2970 ur
498 2921 636 2973 omment.
657 2933 690 2970 m
727 2933 759 2971 ss
833 2930 952 2971 cxxxrv
1003 2953 1011 2968 .
1098 2951 1104 2966 .
1161 2929 1226 2966 .πα
1246 2926 1282 2964 ατ

239 3015 283 3136 ιι
296 2995 407 3138 lists
421 2991 759 3142 2111111.
784 2998 858 3148 lo
875 2996 912 3145 1
923 2926 1331 3155 susurriis

239 3161 295 3233 δας
316 3103 623 3244 γραμμάτωνρΕφίεέ.
643 3125 694 3226 τά..
709 3171 779 3232 119.
799 3170 852 3231 37.
863 3105 983 3245 πάμψάά
1003 3156 1134 3240 νιφάδος
1147 3099 1329 3240 γράαμμάτων

238 3242 328 3325 ἡμῖν·
344 3245 437 3326 Epist.
445 3267 540 3310 uxxx.
552 3253 622 3315 186.
632 3255 681 3318 28.
693 3245 825 3328 νιφάδος
835 3248 1010 3328 ἐπέμψαμεν
1021 3240 1217 3331 γραμμάτων·
1232 3239 1329 3320 Epist.

180 3399 184 3406 ,
241 3349 338 3390 xcvss·
359 3332 428 3398 143.
447 3339 499 3398 22.
523 3329 653 3412 νιφάδος
667 3334 846 3397 ἐπιστολῶν*
875 3334 971 3414 Epist.
989 3351 1036 3392 cr.
1054 3333 1125 3396 146.
1142 3329 1190 3394 24.
1208 3321 1268 3387 κάν
1284 3347 1330 3386 νι·

240 3409 342 3492 φάδας
361 3435 409 3479 σοι
421 3413 771 3499 ’πολλάκιςιέπέμφαμεν
795 3419 972 3483 ἐπιστολῶν·
992 3416 1085 3497 Epist.
1107 3433 1165 3475 cvr.
1187 3411 1259 3476 147.
1280 3415 1330 3475 10.

215 3495 348 3582 Βάσττερ
363 3495 497 3581 νιφάδος
514 3501 640 3582 πέμπων
655 3499 854 3585 γραμμάτων·
876 3503 971 3582 Epist.
986 3521 1069 3564 orsu.
1087 3503 1155 3564 152·
1171 3501 1219 3563 13.
1234 3487 1331 3572 νίφᾶ·

241 3587 295 3659 δας
314 3581 353 3648 άν
374 3585 550 3669 ἐπέμψαμεν
564 3585 762 3670 γραμμάτων·
787 3589 863 3648 adde
875 3588 968 3668 Epist.
982 3607 1067 3647 om.
1084 3585 1154 3649 153.
1171 3587 1221 3647 12.
1235 3579 1331 3658 Epid-

241 3673 431 3738 cxxrrr.'158·
449 3675 497 3738 14.
511 3675 604 3756 Epist.
627 3693 765 3734 oxxxvrr.
781 3675 851 3740 165.
866 3680 917 3740 21.
959 3674 1036 3732 Tum
1050 3669 1178 3729 maxime
1190 3665 1229 3724 ds
1243 3665 1332 3724 rebus
1360 3714 1364 3718 .

240 3755 391 3833 adversis,
412 3765 447 3815 ut
466 3760 546 3838 apud
558 3761 656 3820 solum
671 3759 914 3840 chrysostomum
927 3753 979 3840 (ex
995 3757 1061 3816 aliis
1074 3751 1210 3832 exempla
1224 3769 1332 3826 conge-

239 3859 307 3900 rere
325 3861 388 3900 non
407 3840 526 3918 attinet)
548 3845 729 3905 octodecies:
753 3844 845 3924 Epist.
866 3845 906 3903 od
924 3844 1081 3922 episcopos
1101 3848 1132 3897 st
1146 3835 1279 3918 presbyt.
1299 3833 1332 3892 iu

241 3943 359 3984 caruere
377 3925 484 3988 inolus.
506 3931 556 3990 lV.
579 3936 650 3997 600.
673 3931 709 3992 D.
738 3925 882 4010 βασάνων
902 3923 1038 4006 νιφάδες.
1066 3925 1150 3985 Orat.
1170 3917 1264 3999 Quod
1277 3920 1333 3997 qui

241 4011 359 4068 iniuria
374 4021 425 4072 ete.
450 4011 513 4072 Vll.
531 4015 647 4081 4612.
664 4015 831 4095 ἐπιβουλῶν
846 4008 981 4092 νιφάδες.
1003 4012 1085 4072 Orat.
1095 4027 1181 4069 rur.
1197 4007 1268 4065 Non
1283 4024 1332 4060 so.

241 4094 307 4152 lum
318 4113 388 4154 vero
399 4105 452 4156 etc.
465 4097 500 4158 V.
511 4097 584 4164 294.
601 4103 650 4164 11.
663 4095 802 4174 νιφάδαν
811 4093 978 4178 πυκνότερα
993 4087 1189 4176 περιειστήκει
1201 4086 1238 4152 τά
1243 4079 1333 4152 ιιαιιά.

241 4181 326 4242 orat.
346 4199 390 4243 u.
404 4179 438 4238 ιι.
452 4183 575 4244 ..roesam
588 4183 627 4243 su
639 4183 775 4244 mund.
787 4183 840 4243 ιιι.
853 4184 927 4250 sse.
941 4189 972 4249 o
987 4177 1048 4243 ooo
1063 4183 1116 4258 ..ες
1127 4171 1258 4255 ..φάσις
1269 4174 1333 4234 τοῖν

240 4268 359 4330 sodo·
386 4263 440 4328 ubi
468 4277 538 4330 nota
562 4267 743 4350 singul-rmus
762 4288 930 4332 nummum.
973 4265 1032 4327 Sed
1048 4263 1159 4327 uomit.
1179 4255 1332 4323 musio
