2959 4850
389 307 439 379 ut
455 304 697 394 sueonosn
715 304 949 383 senones
1143 297 1222 383 tlt
1290 260 1293 267 ⁴

221 466 273 536 46.
292 460 535 548 nminem]
556 466 722 539 Domuum,
744 464 827 547 quod
844 465 964 529 hes-hori
980 466 1101 531 Graecis
1114 466 1230 534 iniens

136 553 336 631 couohsetur,
358 562 463 612 soum
480 552 562 633 ipsos
576 552 712 611 cedchsts
731 570 802 613 nem
820 552 926 613 Graeci
946 554 1088 615 testudini
1107 556 1229 649 inclusi,

137 660 177 700 ex
196 637 291 717 ipsius
305 636 461 697 memineo
473 637 617 697 meatibus
632 636 769 697 consulto
785 638 860 699 tutis
876 638 909 697 in
922 638 998 699 locis
1017 638 1055 699 ed
1069 639 1129 701 hoc
1141 642 1228 701 exci-

134 724 194 798 sis,
215 732 318 782 contra
337 715 408 782 illos
420 724 480 783 tels
500 722 677 799 mutiunt,
702 742 779 802 quse
796 742 848 783 eoo
867 742 959 805 supra
977 732 1076 786 tusses
1094 734 1125 785 et
1144 744 1230 787 moe·

133 807 186 867 nis
199 807 232 867 in
248 818 382 889 opertum
397 816 510 867 stantes
522 808 685 887 plurimum
697 808 861 870 laedebant.

219 893 272 959 48.
299 888 408 972 Kisa]
436 893 487 952 Sic
514 893 631 968 Codex;
662 894 816 955 Cornelius
839 891 923 957 aliter
948 894 1076 973 legeret,
1103 891 1157 955 sed
1179 894 1224 955 its

129 978 352 1037 'emendandum
366 978 442 1037 Mne
458 979 648 1039 coniectsvit.

219 1064 271 1129 62.
292 1057 413 1145 Κηρόν]
435 1064 494 1123 Pro
507 1068 588 1145 seips
599 1063 731 1143 positum
743 1064 888 1141 arbitror,
910 1065 1077 1127 seu'errore
1097 1060 1225 1139 lihrerii,

133 1166 189 1205 seu
217 1146 319 1226 potius
342 1147 522 1227 testritio,
541 1169 601 1229 quo
620 1150 749 1212 Graecae
768 1150 887 1230 linguae
908 1148 1050 1230 elegantis
1066 1166 1172 1229 mogus
1186 1166 1226 1209 ox

130 1241 219 1312 purte
233 1232 369 1310 perierat.

217 1318 269 1383 53.
298 1312 427 1398 Κριούς]
456 1318 660 1399 Nicephorum
682 1314 773 1380 hoece
792 1318 946 1380 machinos
968 1318 1007 1378 ed
1028 1314 1228 1397 oppugnando

133 1402 349 1461 Saracenorum
368 1405 484 1463 moenis
500 1404 801 1465 adhibuissensrrrst
821 1405 909 1465 etism
924 1406 983 1463 Leo
1001 1403 1164 1477 Diaconos,
1183 1400 1227 1459 ite

131 1486 282 1547 scribente
307 1489 422 1565 Quare
434 1501 592 1568 perspecta
606 1493 734 1549 Praetor
749 1494 907 1570 petrarias
924 1500 1113 1571 quantocyus
1127 1482 1229 1545 addu-

132 1572 190 1644 πίε,
211 1571 334 1650 illisque
344 1572 484 1651 lapidum
497 1573 591 1633 imbre
608 1574 755 1633 barbaros
767 1578 833 1654 peti
854 1578 957 1638 iussit.
985 1570 1041 1633 Ad
1047 1572 1125 1633 haec
1137 1572 1230 1627 stiam

133 1654 353 1715 obsidionalem
366 1661 561 1736 peculiarius
584 1659 759 1717 machinam
785 1656 925 1741 (arietem
945 1660 1082 1717 Romani
1102 1652 1229 1735 vocant)
1305 1706 1310 1736 ,

132 1738 292 1802 adhibuit:
315 1747 462 1822 petrariis
482 1756 584 1803 autem
605 1744 708 1802 crebra
729 1764 875 1802 saxorum
891 1740 1029 1822 pondera
1046 1740 1230 1813 rotantibus,

125 1827 226 1902 facili
237 1831 355 1905 negotio
368 1829 505 1887 Barbari
516 1830 642 1907 repressi
658 1839 745 1887 eunt:
768 1832 946 1908 interimque
957 1829 1050 1887 ariete
1061 1828 1160 1885 muris
1174 1821 1231 1883 ad-

126 1921 216 1979 ‚moto
242 1915 358 1969 maiore
377 1916 492 1992 impetu
516 1916 681 1993 quatiente,
709 1915 772 1973 etri
790 1934 851 1973 non
856 1916 957 1995 pauci
965 1914 1094 1992 fossam
1105 1910 1230 1972 subiere.
1247 1929 1305 1989 σοι,
1324 1907 1346 1988 2¹

132 1994 202 2055 Vid.
215 1994 284 2073 Peg.
297 1997 370 2055 ibid.
383 2018 449 2077 pag.
467 2000 540 2065 874.
641 2012 650 2029 ·
1190 2070 1197 2084 .

221 2079 299 2142 tttd,
323 2085 494 2157 Xstavtcce
517 2081 637 2164 τέχνας]
666 2081 840 2147 Testudinis
866 2078 981 2141 scilioet
1000 2080 1231 2167 oppugnaturus

133 2163 241 2239 abiis,
264 2186 336 2243 ques
350 2186 441 2245 supro
459 2170 650 2242 memoravit,
672 2168 818 2245 diversm,
839 2166 968 2244 ideoque
990 2168 1018 2219 et
1038 2159 1075 2215 eb
1098 2176 1133 2215 eo
1146 2158 1232 2217 uhter

132 2260 334 2329 nuncupatos.
368 2252 442 2311 Erst
460 2252 536 2313 hoec
553 2252 689 2313 machine
709 2262 839 2332 quatuor
856 2248 980 2311 suffulta
994 2242 1088 2320 rotis,
1112 2262 1171 2321 quo
1187 2242 1232 2301 ts·

134 2332 242 2409 cilius,
263 2335 314 2393 uhi
332 2357 408 2416 opus
422 2339 515 2415 soret,
529 2337 705 2415 veheretur,
727 2336 885 2415 crudisque
901 2328 1074 2393 animalium
1090 2328 1178 2387 coriis
1192 2326 1233 2386 ed

132 2419 180 2478 sui
194 2420 347 2480 munimen
361 2424 547 2483 extrinsecus
561 2431 710 2486 contexte.
754 2418 934 2482 Continehet
945 2438 979 2478 es
992 2413 1101 2475 milites
1114 2413 1155 2474 ed
1163 2431 1233 2474 mu·

131 2504 424 2583 ros·suffodisndos‚
446 2519 477 2567 et
489 2510 527 2568 sd
544 2530 593 2568 eos
607 2508 715 2568 deinde
722 2508 906 2586 quatiendos
921 2501 1048 2564 libratus
1062 2501 1137 2562 eries
1155 2517 1233 2560 cou—
1325 2537 1326 2542 κ

132 2591 343 2670 torquebatur.
388 2594 511 2672 Optime
531 2615 597 2653 eom
619 2593 779 2672 descripsit
796 2591 878 2651 hisce
893 2587 992 2650 verbis
1009 2585 1165 2646 Vihuvius
1178 2584 1231 2646 lih.

132 2674 172 2734 X.
196 2695 263 2754 esp.
287 2682 343 2743 19:
377 2679 482 2738 Oetras
507 2691 607 2738 autem
629 2675 854 2740 Chalcedonius
879 2673 916 2734 de
944 2674 1076 2730 materia
1091 2673 1232 2750 primunt

133 2758 236 2817 basim
254 2761 396 2820 subdetis
408 2767 485 2822 rotis
493 2765 582 2840 fecit,
603 2785 755 2844 supraque
769 2762 916 2841 compegit
931 2759 1117 2832 arrectariis,
1139 2767 1168 2814 et
1181 2759 1232 2818 iu·

132 2846 186 2922 gis
202 2866 307 2916 varas,
320 2858 348 2904 et
362 2850 396 2906 in
405 2849 456 2928 bis
469 2848 626 2928 impendit
641 2851 774 2922 arietern,
797 2849 947 2924 coriisque
961 2841 1084 2900 buhulis
1097 2843 1180 2921 texit,
1196 2851 1231 2902 ut

133 2932 265 2987 tutiores
283 2944 393 3008 essent,
413 2937 469 3012 qui
490 2936 523 2991 in
542 2955 579 2991 eu
594 2934 819 2992 machinatione
842 2929 887 2990 ad
893 2923 1087 3008 pulsaridum
1106 2945 1232 2985 murum

133 3025 232 3072 essent
243 3017 392 3076 collocati.
422 3017 462 3077 Id
474 3029 585 3096 autem,
601 3017 688 3098 quod
695 3015 802 3074 tardos
815 3025 943 3074 conatus
954 3011 1084 3086 habaet,
1100 3009 1233 3072 testudi-

133 3119 203 3158 nem
218 3103 398 3160 arietcre‘am
407 3104 560 3182 appellare
573 3106 678 3182 coepit.
700 3099 875 3160 Huiusmodi
888 3094 1042 3158 machinos
1050 3098 1167 3158 iconem
1181 3117 1235 3157 ex·

133 3181 235 3244 hibuit
249 3187 365 3266 Lipsius
379 3187 412 3246 in
427 3189 631 3267 Polyorestico
647 3188 722 3246 Disl.
739 3183 817 3246 Vlll.
830 3184 913 3245 Tem.
923 3181 977 3244 111.
992 3182 1070 3263 Opp.
1083 3201 1149 3263 pag.
1157 3189 1232 3252 279.

221 3269 273 3336 65.
297 3268 460 3352 Kitpsinae
474 3267 659 3354 dovotione]
681 3271 784 3331 Scslse
796 3267 852 3327 hee
865 3275 952 3344 sunt,
974 3285 1050 3346 quse
1064 3269 1232 3348 compecti-

134 3351 197 3426 les,
219 3375 271 3414 seu
285 3358 421 3418 solutiles
438 3359 620 3418 dicebantur.
661 3357 725 3418 Hae
738 3353 875 3436 pluribus
893 3350 1071 3412 concubant
1082 3354 1230 3434 pertibus,

136 3457 300 3518 earumque
313 3444 422 3520 gradus
436 3446 478 3503 its
494 3454 578 3504 erent
591 3444 764 3524 compositi,
784 3448 820 3498 ut
837 3437 923 3503 sscil'e
936 3437 1101 3516 removeri,
1123 3457 1158 3496 eo
1172 3438 1233 3498 sti-

135 3522 201 3602 pite
215 3536 339 3586 coeunte
351 3529 433 3606 quasi
446 3532 477 3588 in
492 3529 627 3608 reginem
641 3531 764 3588 recondi
777 3530 910 3606 poteent-
938 3519 1232 3604 detumescente,

135 3603 197 3667 hoc
210 3620 256 3671 est
266 3613 371 3669 scalas
378 3614 544 3692 plicatiles,
557 3614 721 3695 appellavit
733 3613 798 3672 illes
812 3607 966 3686 Appieuus
978 3606 1011 3665 in
1023 3605 1154 3686 loannis,
1172 3629 1234 3668 ms.

136 3692 240 3770 gitque
252 3697 289 3753 od
303 3716 365 3754 rem
382 3706 515 3758 nostram
534 3695 690 3774 διαλυτὰς,
707 3695 844 3764 solutes
856 3710 981 3770 nempe,
1004 3692 1182 3754 Plutarchus
1199 3695 1235 3754 iu

135 3776 222 3836 Arati
239 3779 308 3839 Vite
328 3801 395 3860 pag.
414 3785 486 3848 317.
510 3784 620 3842 ubisit
641 3788 764 3841 Arctum
777 3777 975 3840 obsessurum
997 3778 1158 3860 Sicyonem
1185 3796 1234 3840 ess
1272 3813 1276 3820 ·

136 3859 171 3919 in
182 3864 299 3924 modios
314 3866 524 3928 frumentarios
537 3868 686 3927 coniectes
706 3860 916 3927 recondidisse·
1319 3926 1323 3934 ,
1356 3941 1359 3946 ¹

225 3951 275 4015 57.
299 3949 349 4028 Oi]
370 3949 460 4015 Hunc
481 3973 498 4011 s
521 3952 658 4014 Cornelio
680 3953 820 4033 omissum
845 3945 1007 4008 articulum
1026 3965 1098 4008 oum
1124 3946 1235 4009 Codice

136 4031 332 4096 restituimus.
571 4084 574 4088 .
704 4047 707 4055 ·
767 4062 771 4072 ·

68 4123 75 4137 '
230 4124 284 4186 61.
308 4114 368 4193 Τὰς
380 4111 484 4199 κόρας]
505 4120 651 4183 Terribils
666 4130 746 4183 certe
761 4112 935 4201 mitigent
949 4115 988 4178 sd
1002 4115 1231 4184 terrehoieudos

140 4195 244 4263 hostes
265 4202 467 4284 eNicephoro
487 4208 703 4286 excogitatum,
723 4209 853 4270 iaciendi
874 4223 981 4284 nempe
998 4205 1158 4265 landarum
1175 4227 1233 4290 ope

138 4283 269 4348 ohscisss
281 4289 476 4353 borberorum
498 4293 613 4374 ospiti,
633 4305 670 4356 ut
687 4295 786 4357 veleb
800 4295 874 4380 ipsis
889 4289 1066 4356 concivibus
1085 4291 1147 4353 tuit
1159 4315 1234 4378 per-

204 4386 261 4440 se·
274 4387 413 4444 uam
578 4411 582 4418 -
615 4446 620 4460 ,
984 4383 1028 4452 et
