2959 4850
254 259 330 344 604
600 275 695 346 oo.
718 275 1008 346 nesunooess

254 446 362 518 θεντο,
382 429 460 518 κᾶμέ
471 430 507 500 τοὶ
520 439 644 502 τοιαῦτα
656 431 781 520 πράξειν
791 440 883 523 κοινῇ
894 429 1006 509 niente
1015 433 1255 515 ἐπεψηφίσαντο.
1286 436 1352 500 na

257 519 386 611 αόαῄεον,
412 525 464 585 ἵνα
481 517 518 584 ed
533 521 661 604 ἡμέτερα
679 527 821 600 σωθῶσι,
850 521 903 584 καὶ
917 521 1053 622 ἐνέτυχον
1074 515 1157 608 αὐτῷ
1174 520 1216 596 οἷς
1232 516 1350 597 εὔξαιτ’

257 605 297 674 te
310 602 435 690 μάλιστα
448 631 501 682 τις.
530 607 602 684 Καὶ,
618 606 658 682 oie
671 603 801 671 δονατὸο
814 607 847 672 tv
862 609 968 689 βραχεῖ
985 612 1061 692 λογῳ
1073 610 1139 670 πᾶν
1153 602 1353 688 σορκεροὶνος

232 689 360 780 needed,
382 693 494 766 ἐκεῖνος
514 689 568 774 μὲν
586 689 698 766 παντός
710 697 823 774 μᾶλλον
838 695 866 770 *)
885 689 1030 773 μεῖζοντό
1044 696 1167 774 πρᾶγμα
1185 689 1351 773 ἐλογίσατο,

258 779 325 862 ἐμοὶ
345 775 377 842 δὲ
393 775 449 858 τήν
468 783 529 841 τῶν
549 773 721 858 Κλημάτων
744 771 840 858 ἀρχήν
862 769 955 851 αὖθις
975 770 1113 857 daphne
1129 782 1232 840 πᾶσαν
1251 777 1350 854 idota,

258 863 311 928 καὶ
327 863 497 944 montcue
510 863 561 926 nat
575 865 757 940 σατραπείαν
771 857 862 944 ὅλην,
883 862 916 926 ἔν
926 885 958 924 τε
969 885 1008 947 yq
1021 885 1058 945 eq
1071 885 1163 924 αοσοο
1177 857 1350 943 προσόδους

257 948 405 1022 insitione
421 944 526 1022 incude
542 943 720 1030 ἐδωρήσατο.
757 948 795 1006 Η.
809 969 834 1007 e.
855 946 950 1028 quue
959 969 1086 1027 propere
1099 958 1126 1004 et
1138 950 1351 1005 instauratum

251 1037 370 1116 suerat,
385 1045 412 1093 et
420 1035 510 1110 foeea
522 1037 804 1094 circummunitum:
819 1055 942 1113 unaque
953 1054 1021 1090 cum
1029 1033 1099 1090 lte'e*
1111 1032 1223 1090 bellum
1229 1053 1351 1111 quoque

259 1123 377 1198 incepit.
411 1121 559 1180 Divi-eum
583 1130 648 1177 erat
664 1141 721 1199 per
741 1122 934 1198 cognationee
957 1119 1132 1194 castelium,
1159 1138 1266 1197 reeque
1278 1138 1350 1196 pre·

258 1207 393 1264 tioeioree
414 1206 445 1262 in
469 1226 502 1262 eo
523 1203 691 1284 depositae:
713 1207 816 1263 minue
838 1207 1023 1263 neceeeaeiae
1035 1215 1120 1261 extra
1129 1224 1185 1282 per
1196 1203 1350 1282 reliquum

256 1285 363 1368 oppidi
376 1288 523 1348 ambitum
538 1300 624 1348 erant
641 1290 815 1348 collocatae.
855 1289 1069 1350 Habitabatur
1089 1291 1169 1346 enim
1182 1299 1257 1346 tunc
1273 1287 1352 1346 urbe

257 1376 322 1434 iarn
332 1385 413 1432 tota:
429 1374 586 1432 cantellum
601 1387 702 1434 autem
711 1386 935 1454 praeparatum
942 1377 1063 1452 fuerat,
1074 1385 1111 1432 ut
1127 1375 1161 1432 in
1174 1393 1287 1452 magno
1296 1395 1353 1451 με·

174 1472 177 1480 ’
257 1459 356 1518 riculo
368 1459 455 1518 nobie
469 1459 659 1520 salutieecet.
700 1459 746 1518 At
759 1460 885 1520 barbari
894 1472 975 1535 tunc,
991 1461 1100 1518 multis
1109 1479 1236 1516 cuorum
1249 1461 1351 1516 arnie-

258 1547 323 1620 eie,
345 1565 415 1604 cum
429 1547 602 1624 ignominia
616 1556 708 1604 noctu
723 1555 913 1620 receeeerunt,
935 1556 1053 1603 cereata
1072 1542 1229 1604 diluculo:
1247 1545 1359 1622 prima

258 1649 346 1686 mane
360 1649 413 1708 ego
419 1629 536 1708 praelii
548 1628 679 1709 cupidue
693 1631 799 1708 copiae
808 1641 916 1688 contra
930 1628 1030 1688 eduxi.
1071 1633 1171 1688 Erant
1184 1628 1264 1686 milei
1274 1640 1352 1686 tunc

258 1716 373 1793 equitec
385 1713 484 1792 paulo
494 1713 600 1792 pluree
615 1735 710 1794 quarn
725 1726 844 1773 centum
851 1761 861 1792 ,
877 1713 1055 1792 funditoree
1069 1725 1097 1774 et
1111 1715 1273 1793 eagittwii
1292 1734 1352 1771 eu-

252 1817 316 1880 pra
333 1797 392 1858 CC.
406 1797 544 1856 Barbari
557 1819 627 1857 cum
640 1821 795 1879 nuequam
808 1812 995 1880 apparerent,
1004 1821 1085 1880 quae
1096 1809 1173 1879 apta
1185 1798 1260 1858 huic
1272 1809 1352 1856 tem·

254 1885 327 1964 pori
346 1892 440 1942 eceent
460 1903 481 1939 a
499 1903 546 1942 me
567 1882 720 1942 adornata
738 1895 828 1961 eunt,
855 1907 965 1944 murue
986 1897 1071 1944 oetue
1093 1895 1221 1960 erectus,
1250 1882 1351 1942 edocti

260 1969 335 2044 mei,
358 1965 506 2048 quomodo
522 1979 599 2026 recte
617 1991 649 2028 ee
663 1972 845 2028 instruerent
865 1968 911 2028 ad
927 1971 1046 2030 beilum.
1086 1971 1150 2028 Εοο
1169 1979 1273 2028 autern
1293 1971 1350 2048 que¹

257 2049 386 2111 ditionic
396 2064 516 2111 nostrae
527 2063 621 2130 erant,
636 2057 760 2113 nunciie
774 2059 889 2114 cursim
904 2059 1008 2114 musea
1022 2057 1175 2129 arceecivi,
1196 2051 1234 2112 de
1246 2074 1351 2112 rerum

258 2157 378 2198 euenma
393 2140 426 2198 in
439 2140 598 2198 concilium
614 2143 659 2198 ire
669 2142 783 2202 colera.
825 2137 964 2220 Undique
977 2162 1045 2200 curn
1059 2139 1261 2213 advenirem,
1274 2160 1350 2197 con-

259 2223 342 2282 cione
356 2226 538 2302 optimatum
553 2235 677 2301 coacta,
698 2247 776 2306 quoe
788 2237 863 2284 tunc
878 2248 931 2306 ego
944 2247 1090 2285 sermones
1102 2225 1272 2299 habuerua,
1294 2227 1351 2304 qui

259 2303 375 2366 domini
383 2310 489 2387 potius
496 2321 589 2368 eceent
601 2309 762 2389 expetendi,
773 2310 819 2369 ad
826 2333 903 2392 quoe
910 2315 1009 2373 venire
1017 2331 1169 2391 quamque
1180 2308 1350 2368 commodi·

258 2403 351 2452 tatem
364 2395 470 2455 conari
482 2406 626 2474 oporteret
638 2395 677 2455 ab
691 2396 758 2455 illic
762 2399 921 2477 percipere,
941 2395 1018 2477 quid
1031 2393 1349 2477 deniquefaciendum

259 2489 350 2555 eecce,
371 2489 398 2536 et
416 2490 532 2538 caetera
551 2485 693 2541 universa
709 2493 783 2541 tunc
804 2504 826 2539 a
847 2504 893 2541 me
914 2480 1013 2559 dicta,
1043 2504 1122 2564 quae
1144 2485 1208 2561 ipee
1228 2502 1349 2561 quoque

258 2564 386 2649 reliquie
402 2564 539 2625 omnibue
550 2566 787 2645 prae-etabiliora
809 2566 979 2644 dueieum,
1010 2568 1138 2647 longum
1158 2578 1202 2624 eet
1222 2568 1350 2647 cingula

259 2646 364 2707 ordine
381 2646 477 2709 dicen
490 2651 572 2711 velie.
615 2652 683 2727 Illi,
704 2673 760 2710 eeu
775 2651 861 2732 quod
878 2672 1037 2735 nunquam
1055 2652 1270 2711 bereevolentiae
1283 2652 1349 2712 tm-

254 2736 427 2813 peratoriae
430 2736 577 2811 fructum
589 2738 689 2797 ullum
704 2741 857 2816 capacem,
880 2760 933 2797 eeu
947 2736 1039 2819 quod,
1063 2738 1286 2799 Graecanicam
1299 2740 1350 2796 oi-

260 2828 308 2879 tae
321 2822 467 2879 rationem
479 2842 595 2900 parurn
611 2834 766 2899 curantes,
797 2826 943 2890 instituta
965 2822 1010 2882 ad
1025 2822 1190 2883 arbitrium
1209 2824 1351 2901 iprcorm

253 2904 348 2985 sacta
360 2908 489 2965 maxime
502 2909 701 2986 requirerent,
721 2910 785 2967 eive
798 2907 885 2987 quod
897 2911 964 2989 regi
978 2907 1023 2967 ad
1033 2911 1260 2989 ceptentrionem
1275 2908 1351 2968 [etri

260 2986 432 3049 dominanti
447 2995 702 3070 contaminantes,
710 3006 927 3075 praeterquam
941 2992 1026 3074 quod
1036 2995 1088 3052 ille
1099 2996 1228 3053 exercitu
1235 3013 1348 3073 magno

260 3074 371 3132 valeret
384 3078 474 3153 eique
490 3076 597 3137 bellica
613 3078 726 3160 efferret
738 3100 814 3155 eece,
835 3080 875 3137 alr
890 3081 979 3138 illiue
992 3082 1073 3138 vitae
1087 3082 1205 3137 ratione
1211 3081 1351 3158 propriis

262 3157 398 3215 moribue¹
409 3180 470 3217 non
485 3160 654 3241 differrent:
670 3160 785 3222 idcirco
798 3175 969 3223 statuerunt
976 3166 1094 3244 paciaci
1105 3164 1250 3222 cumillie
1259 3184 1350 3242 eeque

260 3236 379 3319 dedere,
400 3262 446 3299 me
466 3256 568 3307 autem
583 3250 735 3327 negotium
749 3250 891 3327 perficere
903 3250 1076 3330 publicitue
1089 3270 1192 3309 antaee
1210 3245 1351 3309 decreve-

260 3336 340 3387 runt.
382 3326 431 3385 Ita
437 3330 593 3407 profectus
604 3352 672 3389 eum
685 3330 731 3389 ad
741 3333 1065 3411 servandacsorturuee
1077 3346 1207 3408 nostrae,
1221 3356 1350 3413 eumque

259 3410 352 3470 talem
364 3408 550 3491 deprehendi,
567 3416 686 3495 qualern
700 3414 872 3476 desiderare
877 3424 947 3499 quic
959 3424 1089 3481 maxime
1096 3430 1208 3499 poccet.
1243 3420 1350 3499 Atque

261 3496 324 3571 ita,
342 3496 397 3557 ubi
409 3498 559 3579 colloquio
574 3499 672 3578 brevi,
692 3513 726 3559 ut
736 3514 891 3583 poteram,
913 3516 1012 3563 totum
1023 3508 1177 3585 negotium
1192 3516 1348 3585 transege-

259 3598 328 3639 ram
342 3600 469 3659 aumeo,
494 3584 546 3643 ille
567 3606 628 3645 rern
647 3590 808 3665 maiorem,
831 3588 908 3670 plue
929 3612 1022 3670 quam
1045 3592 1160 3666 ullam,
1189 3602 1347 3669 reputans,

258 3664 336 3724 milei
345 3666 514 3727 Clematum
528 3672 686 3749 imperium
698 3676 809 3734 iterum
821 3676 922 3736 volens
933 3676 1093 3755 lubensque
1106 3696 1192 3734 omne
1204 3674 1347 3753 tradidit,

259 3748 439 3833 addiditque
451 3756 544 3812 etiam
552 3759 777 3835 praefecturam
790 3770 900 3837 totam,
922 3772 950 3819 et
964 3783 998 3821 eu
1012 3764 1112 3839 ipsine
1129 3765 1249 3841 regiona
1263 3762 1349 3821 redi-

260 3843 311 3893 aa
326 3856 443 3896 annuae
462 3836 584 3899 idoneos
606 3842 740 3923 largitur
759 3856 811 3905 eet.
856 3845 968 3907 Deeinit
991 3845 1044 3907 hic
1063 3846 1249 3927 praeclarum
1269 3846 1348 3907 illud

259 3916 439 3999 plenumque
456 3942 557 3983 rerum
577 3946 723 3989 noverum
745 3932 957 4009 fragmentum:
987 3932 1071 4009 quod
1087 3931 1114 3991 ei
1135 3932 1346 3993 commentatio

259 4002 436 4082 scriptione,
457 4008 537 4066 unde
549 4021 664 4087 menet,
682 4014 798 4092 integra
811 4025 935 4076 oetatem
951 4016 1084 4091 tulisset,
1106 4036 1163 4076 nee
1176 4026 1252 4076 tunc
1265 4016 1348 4077 haud

258 4089 349 4169 poulo
363 4088 448 4171 plue,
470 4110 558 4173 quam
576 4114 676 4175 nunc,
697 4100 840 4165 sciremus
864 4103 901 4165 de
921 4100 1046 4165 hittone
1067 4101 1243 4165 Chereoooei
1265 4104 1346 4203 'tea-

292 4268 322 4337 *J
340 4269 385 4325 sto
401 4270 465 4327 cod.
