<?xml version="1.0" encoding="UTF-8"?>
<!DOCTYPE html PUBLIC "-//W3C//DTD XHTML 1.0 Transitional//EN"
    "http://www.w3.org/TR/xhtml1/DTD/xhtml1-transitional.dtd">
<html xmlns="http://www.w3.org/1999/xhtml" xml:lang="en" lang="en">
 <head>
  <title>
</title>
<meta http-equiv="Content-Type" content="text/html;charset=utf-8" />
  <meta name='ocr-system' content='tesseract 3.04.00' />
  <meta name='ocr-capabilities' content='ocr_page ocr_carea ocr_par ocr_line ocrx_word'/>
</head>
<body>
  <div class='ocr_page' id='page_1' title='image "./corpusscriptoru00theogoog/corpusscriptoru00theogoog_0577.png"; bbox 0 0 2959 4850; ppageno 0'>
   <div class='ocr_carea' id='block_1_1' title="bbox 374 327 1215 409">
    <p class='ocr_par' dir='ltr' id='par_1_1' title="bbox 374 327 1215 409">
     <span class='ocr_line' id='line_1_1' title="bbox 374 327 1215 409; baseline -0.011 0"><span class='ocrx_word' id='word_1_1' title='bbox 374 335 419 409; x_wconf 83' lang='grc' dir='ltr'><strong>ΙΝ</strong></span> <span class='ocrx_word' id='word_1_2' title='bbox 438 331 593 404; x_wconf 87' lang='lat' dir='ltr'>LEONlS</span> <span class='ocrx_word' id='word_1_3' title='bbox 613 331 795 405; x_wconf 84' lang='lat' dir='ltr'><strong>DIACONI</strong></span> <span class='ocrx_word' id='word_1_4' title='bbox 814 335 894 406; x_wconf 79' lang='lat' dir='ltr'><strong>uls.</strong></span> <span class='ocrx_word' id='word_1_5' title='bbox 916 333 974 409; x_wconf 75' lang='lat' dir='ltr'><strong>ut</strong></span> <span class='ocrx_word' id='word_1_6' title='bbox 1143 327 1215 402; x_wconf 84' lang='grc'><strong>481</strong></span> 
     </span>
    </p>
   </div>
   <div class='ocr_carea' id='block_1_2' title="bbox 65 490 1252 1336">
    <p class='ocr_par' dir='ltr' id='par_1_2' title="bbox 65 490 1252 1336">
     <span class='ocr_line' id='line_1_2' title="bbox 130 490 1221 580; baseline 0.003 -26"><span class='ocrx_word' id='word_1_7' title='bbox 130 490 319 556; x_wconf 80' lang='lat' dir='ltr'><strong>trahendam</strong></span> <span class='ocrx_word' id='word_1_8' title='bbox 334 501 432 580; x_wconf 69' lang='lat' dir='ltr'><strong>entem</strong></span> <span class='ocrx_word' id='word_1_9' title='bbox 458 491 641 570; x_wconf 87' lang='lat' dir='ltr'><strong>adhibitum,</strong></span> <span class='ocrx_word' id='word_1_10' title='bbox 670 493 723 554; x_wconf 92' lang='lat' dir='ltr'><strong>sed</strong></span> <span class='ocrx_word' id='word_1_11' title='bbox 742 491 908 575; x_wconf 85' lang='lat' dir='ltr'><strong>subiectum</strong></span> <span class='ocrx_word' id='word_1_12' title='bbox 927 495 992 555; x_wconf 84' lang='lat' dir='ltr'><strong>enti</strong></span> <span class='ocrx_word' id='word_1_13' title='bbox 1012 493 1221 574; x_wconf 68' lang='lat' dir='ltr'><strong>intrusumque</strong></span> 
     </span>
     <span class='ocr_line' id='line_1_3' title="bbox 131 579 1218 660; baseline 0.002 -22"><span class='ocrx_word' id='word_1_14' title='bbox 131 581 171 638; x_wconf 84' lang='lat' dir='ltr'><strong>ad</strong></span> <span class='ocrx_word' id='word_1_15' title='bbox 188 579 378 658; x_wconf 81' lang='lat' dir='ltr'><strong>separandam</strong></span> <span class='ocrx_word' id='word_1_16' title='bbox 398 597 533 656; x_wconf 80' lang='lat' dir='ltr'><strong>acerne,</strong></span> <span class='ocrx_word' id='word_1_17' title='bbox 555 599 664 638; x_wconf 88' lang='lat' dir='ltr'><strong>nomen</strong></span> <span class='ocrx_word' id='word_1_18' title='bbox 680 579 796 639; x_wconf 83' lang='lat' dir='ltr'><strong>duxita</strong></span> <span class='ocrx_word' id='word_1_19' title='bbox 811 582 957 658; x_wconf 76' lang='grc' dir='ltr'><strong><em>σιιαθίον,</em></strong></span> <span class='ocrx_word' id='word_1_20' title='bbox 978 579 1050 660; x_wconf 88' lang='lat' dir='ltr'><strong>quin</strong></span> <span class='ocrx_word' id='word_1_21' title='bbox 1062 589 1139 640; x_wconf 84' lang='lat' dir='ltr'><strong>asset</strong></span> <span class='ocrx_word' id='word_1_22' title='bbox 1152 581 1218 658; x_wconf 80' lang='lat' dir='ltr'><strong>gla-</strong></span> 
     </span>
     <span class='ocr_line' id='line_1_4' title="bbox 132 663 1218 742; baseline 0.005 -21"><span class='ocrx_word' id='word_1_23' title='bbox 132 664 206 722; x_wconf 89' lang='lat' dir='ltr'><strong>dioli</strong></span> <span class='ocrx_word' id='word_1_24' title='bbox 218 665 313 724; x_wconf 84' lang='lat' dir='ltr'><strong>instar</strong></span> <span class='ocrx_word' id='word_1_25' title='bbox 324 664 425 726; x_wconf 84' lang='lat' dir='ltr'><strong>latum.</strong></span> <span class='ocrx_word' id='word_1_26' title='bbox 470 663 554 722; x_wconf 84' lang='lat' dir='ltr'><strong>Certe</strong></span> <span class='ocrx_word' id='word_1_27' title='bbox 565 664 648 722; x_wconf 82' lang='lat' dir='ltr'><strong>Paul.</strong></span> <span class='ocrx_word' id='word_1_28' title='bbox 662 663 795 742; x_wconf 85' lang='lat' dir='ltr'><strong>Aeginet.</strong></span> <span class='ocrx_word' id='word_1_29' title='bbox 808 665 851 725; x_wconf 88' lang='lat' dir='ltr'><strong>De</strong></span> <span class='ocrx_word' id='word_1_30' title='bbox 864 685 898 725; x_wconf 90' lang='lat' dir='ltr'><strong>re</strong></span> <span class='ocrx_word' id='word_1_31' title='bbox 909 665 985 724; x_wconf 90' lang='lat' dir='ltr'><strong>med.</strong></span> <span class='ocrx_word' id='word_1_32' title='bbox 1000 665 1054 724; x_wconf 77' lang='lat' dir='ltr'><strong>fot</strong></span> <span class='ocrx_word' id='word_1_33' title='bbox 1068 669 1119 730; x_wconf 95' lang='lat'><strong>81.</strong></span> <span class='ocrx_word' id='word_1_34' title='bbox 1132 685 1218 725; x_wconf 74' lang='lat' dir='ltr'><strong>cerac</strong></span> 
     </span>
     <span class='ocr_line' id='line_1_5' title="bbox 131 747 1219 830; baseline 0.002 -24"><span class='ocrx_word' id='word_1_35' title='bbox 131 749 201 810; x_wconf 89' lang='lat' dir='ltr'><strong>edit.</strong></span> <span class='ocrx_word' id='word_1_36' title='bbox 215 747 282 809; x_wconf 88' lang='lat' dir='ltr'><strong>Ald.</strong></span> <span class='ocrx_word' id='word_1_37' title='bbox 302 749 449 826; x_wconf 83' lang='lat' dir='ltr'><strong>integrum</strong></span> <span class='ocrx_word' id='word_1_38' title='bbox 464 757 555 827; x_wconf 87' lang='lat' dir='ltr'><strong>caput</strong></span> <span class='ocrx_word' id='word_1_39' title='bbox 570 747 659 808; x_wconf 88' lang='lat' dir='ltr'><strong>habet</strong></span> <span class='ocrx_word' id='word_1_40' title='bbox 672 747 749 830; x_wconf 73' lang='grc' dir='ltr'><strong>Περὶ</strong></span> <span class='ocrx_word' id='word_1_41' title='bbox 760 747 1013 830; x_wconf 66' lang='lat' dir='ltr'><strong>damnatissimi,</strong></span> <span class='ocrx_word' id='word_1_42' title='bbox 1033 768 1092 828; x_wconf 79' lang='lat' dir='ltr'><strong>qus</strong></span> <span class='ocrx_word' id='word_1_43' title='bbox 1102 748 1219 810; x_wconf 87' lang='lat' dir='ltr'><strong>ratione</strong></span> 
     </span>
     <span class='ocr_line' id='line_1_6' title="bbox 130 830 1219 917; baseline 0.007 -25"><span class='ocrx_word' id='word_1_44' title='bbox 130 833 208 892; x_wconf 82' lang='lat' dir='ltr'><strong>cutis</strong></span> <span class='ocrx_word' id='word_1_45' title='bbox 222 854 239 892; x_wconf 85' lang='lat' dir='ltr'><strong>a</strong></span> <span class='ocrx_word' id='word_1_46' title='bbox 255 853 353 908; x_wconf 81' lang='lat' dir='ltr'><strong>carne,</strong></span> <span class='ocrx_word' id='word_1_47' title='bbox 366 834 477 894; x_wconf 78' lang='lat' dir='ltr'><strong>inserto</strong></span> <span class='ocrx_word' id='word_1_48' title='bbox 489 833 687 892; x_wconf 83' lang='lat' dir='ltr'><strong>instrumento</strong></span> <span class='ocrx_word' id='word_1_49' title='bbox 700 833 955 917; x_wconf 76' lang='grc' dir='ltr'><strong><em>διιοστιαθιοτῆηι,</em></strong></span> <span class='ocrx_word' id='word_1_50' title='bbox 975 830 1104 912; x_wconf 83' lang='lat' dir='ltr'><strong>disiungi</strong></span> <span class='ocrx_word' id='word_1_51' title='bbox 1114 833 1219 914; x_wconf 68' lang='lat' dir='ltr'><strong>possit</strong></span> 
     </span>
     <span class='ocr_line' id='line_1_7' title="bbox 130 917 1221 998; baseline 0.004 -22"><span class='ocrx_word' id='word_1_52' title='bbox 130 919 319 997; x_wconf 78' lang='lat' dir='ltr'><strong>Quapropter</strong></span> <span class='ocrx_word' id='word_1_53' title='bbox 334 921 523 998; x_wconf 78' lang='grc' dir='ltr'><strong><em>στιαθιστῆρα</em></strong></span> <span class='ocrx_word' id='word_1_54' title='bbox 536 918 617 998; x_wconf 89' lang='lat' dir='ltr'><strong>apud</strong></span> <span class='ocrx_word' id='word_1_55' title='bbox 623 917 729 998; x_wconf 84' lang='lat' dir='ltr'><strong>Epiph.</strong></span> <span class='ocrx_word' id='word_1_56' title='bbox 743 919 865 979; x_wconf 88' lang='lat' dir='ltr'><strong>ininime</strong></span> <span class='ocrx_word' id='word_1_57' title='bbox 875 919 1104 996; x_wconf 81' lang='lat' dir='ltr'><strong>immutandum,</strong></span> <span class='ocrx_word' id='word_1_58' title='bbox 1114 918 1221 980; x_wconf 66' lang='lat' dir='ltr'><strong>verbs</strong></span> 
     </span>
     <span class='ocr_line' id='line_1_8' title="bbox 130 1001 1223 1084; baseline -0.002 -21"><span class='ocrx_word' id='word_1_59' title='bbox 130 1023 187 1081; x_wconf 87' lang='lat' dir='ltr'><strong>qus</strong></span> <span class='ocrx_word' id='word_1_60' title='bbox 201 1003 262 1062; x_wconf 84' lang='lat' dir='ltr'><strong>eius</strong></span> <span class='ocrx_word' id='word_1_61' title='bbox 276 1023 337 1062; x_wconf 90' lang='lat' dir='ltr'><strong>non</strong></span> <span class='ocrx_word' id='word_1_62' title='bbox 352 1001 545 1062; x_wconf 88' lang='lat' dir='ltr'><strong>utinPetavii</strong></span> <span class='ocrx_word' id='word_1_63' title='bbox 553 1001 688 1062; x_wconf 88' lang='lat' dir='ltr'><strong>versione</strong></span> <span class='ocrx_word' id='word_1_64' title='bbox 700 1004 837 1065; x_wconf 82' lang='lat' dir='ltr'><strong>existimo</strong></span> <span class='ocrx_word' id='word_1_65' title='bbox 847 1005 1007 1081; x_wconf 88' lang='lat' dir='ltr'><strong>reddenda,</strong></span> <span class='ocrx_word' id='word_1_66' title='bbox 1022 1023 1223 1084; x_wconf 79' lang='lat' dir='ltr'><strong>eoque,puem</strong></span> 
     </span>
     <span class='ocr_line' id='line_1_9' title="bbox 128 1086 1227 1170; baseline 0.001 -25"><span class='ocrx_word' id='word_1_67' title='bbox 128 1088 337 1167; x_wconf 83' lang='lat' dir='ltr'><strong>spatleiaterem</strong></span> <span class='ocrx_word' id='word_1_68' title='bbox 350 1099 468 1158; x_wconf 83' lang='lat' dir='ltr'><strong>uocant,</strong></span> <span class='ocrx_word' id='word_1_69' title='bbox 478 1086 609 1166; x_wconf 81' lang='lat' dir='ltr'><strong>glandis</strong></span> <span class='ocrx_word' id='word_1_70' title='bbox 622 1090 787 1148; x_wconf 78' lang='lat' dir='ltr'><strong>cuticulam</strong></span> <span class='ocrx_word' id='word_1_71' title='bbox 802 1089 1002 1150; x_wconf 68' lang='lat' dir='ltr'><strong>attrahentes:</strong></span> <span class='ocrx_word' id='word_1_72' title='bbox 1014 1089 1076 1164; x_wconf 86' lang='lat' dir='ltr'><strong>sed,</strong></span> <span class='ocrx_word' id='word_1_73' title='bbox 1084 1109 1227 1170; x_wconf 84' lang='lat' dir='ltr'><strong>peropa-</strong></span> 
     </span>
     <span class='ocr_line' id='line_1_10' title="bbox 65 1173 1252 1252; baseline 0.001 -20"><span class='ocrx_word' id='word_1_74' title='bbox 65 1233 69 1238; x_wconf 84' lang='grc'><strong>,</strong></span> <span class='ocrx_word' id='word_1_75' title='bbox 129 1174 278 1232; x_wconf 82' lang='lat' dir='ltr'><strong>tleisterem</strong></span> <span class='ocrx_word' id='word_1_76' title='bbox 299 1193 387 1252; x_wconf 84' lang='lat' dir='ltr'><strong>quem</strong></span> <span class='ocrx_word' id='word_1_77' title='bbox 403 1183 514 1230; x_wconf 84' lang='lat' dir='ltr'><strong>cocant</strong></span> <span class='ocrx_word' id='word_1_78' title='bbox 523 1217 533 1247; x_wconf 95' lang='lat'><strong>,</strong></span> <span class='ocrx_word' id='word_1_79' title='bbox 553 1173 750 1232; x_wconf 80' lang='lat' dir='ltr'><strong>membrorum</strong></span> <span class='ocrx_word' id='word_1_80' title='bbox 769 1177 936 1234; x_wconf 79' lang='lat' dir='ltr'><strong>cuticulam</strong></span> <span class='ocrx_word' id='word_1_81' title='bbox 949 1175 1135 1238; x_wconf 84' lang='lat' dir='ltr'><strong>resolventes.</strong></span> <span class='ocrx_word' id='word_1_82' title='bbox 1168 1175 1252 1234; x_wconf 79' lang='lat' dir='ltr'><strong>Esto</strong></span> 
     </span>
     <span class='ocr_line' id='line_1_11' title="bbox 130 1255 1224 1336; baseline 0.001 -19"><span class='ocrx_word' id='word_1_83' title='bbox 130 1259 207 1317; x_wconf 76' lang='lat' dir='ltr'><strong>enirn</strong></span> <span class='ocrx_word' id='word_1_84' title='bbox 217 1255 656 1335; x_wconf 83' lang='lat' dir='ltr'><strong>issecundusmodustegendae</strong></span> <span class='ocrx_word' id='word_1_85' title='bbox 664 1257 788 1336; x_wconf 85' lang='lat' dir='ltr'><strong>glandis,</strong></span> <span class='ocrx_word' id='word_1_86' title='bbox 805 1260 830 1319; x_wconf 85' lang='lat' dir='ltr'><strong>si</strong></span> <span class='ocrx_word' id='word_1_87' title='bbox 839 1260 981 1335; x_wconf 86' lang='lat' dir='ltr'><strong>nudeest,</strong></span> <span class='ocrx_word' id='word_1_88' title='bbox 993 1258 1224 1320; x_wconf 84' lang='lat' dir='ltr'><strong>relatussPsul.</strong></span> 
     </span>
    </p>
   </div>
   <div class='ocr_carea' id='block_1_3' title="bbox 130 1343 1341 1422">
    <p class='ocr_par' dir='ltr' id='par_1_3' title="bbox 130 1343 1341 1422">
     <span class='ocr_line' id='line_1_12' title="bbox 130 1343 1341 1422; baseline 0 -20"><span class='ocrx_word' id='word_1_89' title='bbox 130 1343 231 1420; x_wconf 79' lang='lat' dir='ltr'><strong>Aegin.</strong></span> <span class='ocrx_word' id='word_1_90' title='bbox 245 1363 310 1422; x_wconf 88' lang='lat' dir='ltr'><strong>cap.</strong></span> <span class='ocrx_word' id='word_1_91' title='bbox 322 1363 386 1403; x_wconf 82' lang='lat' dir='ltr'><strong>nm.</strong></span> <span class='ocrx_word' id='word_1_92' title='bbox 400 1343 453 1403; x_wconf 86' lang='lat' dir='ltr'><strong>fol.</strong></span> <span class='ocrx_word' id='word_1_93' title='bbox 469 1345 518 1408; x_wconf 86' lang='lat'><strong>89.</strong></span> <span class='ocrx_word' id='word_1_94' title='bbox 530 1351 624 1400; x_wconf 83' lang='lat' dir='ltr'><strong>recto:</strong></span> <span class='ocrx_word' id='word_1_95' title='bbox 647 1352 745 1402; x_wconf 84' lang='lat' dir='ltr'><strong>entem</strong></span> <span class='ocrx_word' id='word_1_96' title='bbox 757 1365 773 1401; x_wconf 91' lang='lat' dir='ltr'><strong>a</strong></span> <span class='ocrx_word' id='word_1_97' title='bbox 784 1345 901 1422; x_wconf 72' lang='lat' dir='ltr'><strong>glandis</strong></span> <span class='ocrx_word' id='word_1_98' title='bbox 914 1345 1015 1404; x_wconf 81' lang='lat' dir='ltr'><strong>radice</strong></span> <span class='ocrx_word' id='word_1_99' title='bbox 1023 1343 1221 1404; x_wconf 85' lang='lat' dir='ltr'><strong>instrumento</strong></span> <span class='ocrx_word' id='word_1_100' title='bbox 1338 1391 1341 1396; x_wconf 95' lang='lat'><strong>.</strong></span> 
     </span>
    </p>
   </div>
   <div class='ocr_carea' id='block_1_4' title="bbox 120 1419 1265 2694">
    <p class='ocr_par' dir='ltr' id='par_1_4' title="bbox 120 1419 1265 2184">
     <span class='ocr_line' id='line_1_13' title="bbox 129 1419 1221 1508; baseline -0.001 -21"><span class='ocrx_word' id='word_1_101' title='bbox 129 1419 337 1507; x_wconf 57' lang='lat' dir='ltr'><strong>separandam,</strong></span> <span class='ocrx_word' id='word_1_102' title='bbox 360 1426 465 1485; x_wconf 90' lang='lat' dir='ltr'><strong>deinde</strong></span> <span class='ocrx_word' id='word_1_103' title='bbox 479 1425 688 1486; x_wconf 87' lang='lat' dir='ltr'><strong>detrahendam</strong></span> <span class='ocrx_word' id='word_1_104' title='bbox 700 1437 789 1506; x_wconf 86' lang='lat' dir='ltr'><strong>atque</strong></span> <span class='ocrx_word' id='word_1_105' title='bbox 803 1429 988 1508; x_wconf 77' lang='lat' dir='ltr'><strong>deligandum</strong></span> <span class='ocrx_word' id='word_1_106' title='bbox 1003 1447 1074 1502; x_wconf 85' lang='lat' dir='ltr'><strong>esse,</strong></span> <span class='ocrx_word' id='word_1_107' title='bbox 1095 1421 1221 1487; x_wconf 84' lang='lat' dir='ltr'><strong>linteolo</strong></span> 
     </span>
     <span class='ocr_line' id='line_1_14' title="bbox 129 1510 1222 1592; baseline 0 -21"><span class='ocrx_word' id='word_1_108' title='bbox 129 1510 210 1572; x_wconf 85' lang='lat' dir='ltr'><strong>inter</strong></span> <span class='ocrx_word' id='word_1_109' title='bbox 226 1521 321 1571; x_wconf 83' lang='lat' dir='ltr'><strong>cutem</strong></span> <span class='ocrx_word' id='word_1_110' title='bbox 337 1519 367 1569; x_wconf 87' lang='lat' dir='ltr'><strong>et</strong></span> <span class='ocrx_word' id='word_1_111' title='bbox 386 1510 480 1569; x_wconf 89' lang='lat' dir='ltr'><strong>colem</strong></span> <span class='ocrx_word' id='word_1_112' title='bbox 494 1511 681 1590; x_wconf 88' lang='lat' dir='ltr'><strong>interposito.</strong></span> <span class='ocrx_word' id='word_1_113' title='bbox 725 1513 856 1572; x_wconf 87' lang='lat' dir='ltr'><strong>Tametsi</strong></span> <span class='ocrx_word' id='word_1_114' title='bbox 869 1515 922 1574; x_wconf 86' lang='lat' dir='ltr'><strong>sol.</strong></span> <span class='ocrx_word' id='word_1_115' title='bbox 938 1519 988 1580; x_wconf 85' lang='lat'><strong>89.</strong></span> <span class='ocrx_word' id='word_1_116' title='bbox 1001 1533 1085 1571; x_wconf 85' lang='lat' dir='ltr'><strong>verso</strong></span> <span class='ocrx_word' id='word_1_117' title='bbox 1099 1511 1134 1571; x_wconf 89' lang='lat' dir='ltr'><strong>A.</strong></span> <span class='ocrx_word' id='word_1_118' title='bbox 1142 1531 1222 1592; x_wconf 81' lang='lat' dir='ltr'><strong>,ope-</strong></span> 
     </span>
     <span class='ocr_line' id='line_1_15' title="bbox 128 1595 1223 1678; baseline -0.001 -23"><span class='ocrx_word' id='word_1_119' title='bbox 128 1616 194 1656; x_wconf 88' lang='lat' dir='ltr'><strong>ram</strong></span> <span class='ocrx_word' id='word_1_120' title='bbox 218 1617 280 1655; x_wconf 84' lang='lat' dir='ltr'><strong>enm</strong></span> <span class='ocrx_word' id='word_1_121' title='bbox 302 1617 370 1655; x_wconf 86' lang='lat' dir='ltr'><strong>raro</strong></span> <span class='ocrx_word' id='word_1_122' title='bbox 383 1595 541 1654; x_wconf 75' lang='lat' dir='ltr'><strong>usuvenire</strong></span> <span class='ocrx_word' id='word_1_123' title='bbox 560 1595 601 1654; x_wconf 84' lang='lat' dir='ltr'><strong>sit</strong></span> <span class='ocrx_word' id='word_1_124' title='bbox 609 1639 618 1671; x_wconf 92' lang='lat'><strong>,</strong></span> <span class='ocrx_word' id='word_1_125' title='bbox 641 1595 721 1674; x_wconf 91' lang='lat' dir='ltr'><strong>qnod</strong></span> <span class='ocrx_word' id='word_1_126' title='bbox 736 1598 815 1656; x_wconf 88' lang='lat' dir='ltr'><strong>cutis</strong></span> <span class='ocrx_word' id='word_1_127' title='bbox 825 1597 952 1677; x_wconf 86' lang='lat' dir='ltr'><strong>penuria</strong></span> <span class='ocrx_word' id='word_1_128' title='bbox 964 1597 1146 1678; x_wconf 84' lang='lat' dir='ltr'><strong>inpartibus</strong></span> <span class='ocrx_word' id='word_1_129' title='bbox 1162 1595 1223 1654; x_wconf 88' lang='lat' dir='ltr'><strong>illis</strong></span> 
     </span>
     <span class='ocr_line' id='line_1_16' title="bbox 129 1673 1223 1762; baseline 0.001 -21"><span class='ocrx_word' id='word_1_130' title='bbox 129 1703 192 1741; x_wconf 89' lang='lat' dir='ltr'><strong>non</strong></span> <span class='ocrx_word' id='word_1_131' title='bbox 207 1679 311 1740; x_wconf 82' lang='lat' dir='ltr'><strong>afferat</strong></span> <span class='ocrx_word' id='word_1_132' title='bbox 324 1675 472 1760; x_wconf 78' lang='grc' dir='ltr'><strong><em>τοσαύτην</em></strong></span> <span class='ocrx_word' id='word_1_133' title='bbox 490 1673 668 1762; x_wconf 73' lang='lat' dir='ltr'><strong>cincinnus,</strong></span> <span class='ocrx_word' id='word_1_134' title='bbox 690 1677 731 1756; x_wconf 69' lang='lat' dir='ltr'><strong>oie</strong></span> <span class='ocrx_word' id='word_1_135' title='bbox 754 1677 866 1760; x_wconf 75' lang='grc' dir='ltr'><strong><em>ταύτης</em></strong></span> <span class='ocrx_word' id='word_1_136' title='bbox 883 1677 995 1759; x_wconf 76' lang='grc' dir='ltr'><strong><em>μᾶλλόν</em></strong></span> <span class='ocrx_word' id='word_1_137' title='bbox 1018 1703 1086 1743; x_wconf 90' lang='grc' dir='ltr'><strong><em>τινα</em></strong></span> <span class='ocrx_word' id='word_1_138' title='bbox 1098 1676 1155 1759; x_wconf 70' lang='grc' dir='ltr'><strong>τήν</strong></span> <span class='ocrx_word' id='word_1_139' title='bbox 1171 1674 1223 1742; x_wconf 77' lang='grc' dir='ltr'><strong><em>διδ</em></strong></span> 
     </span>
     <span class='ocr_line' id='line_1_17' title="bbox 129 1757 1265 1846; baseline -0.005 -18"><span class='ocrx_word' id='word_1_140' title='bbox 129 1771 185 1846; x_wconf 77' lang='grc' dir='ltr'><strong>τῆς</strong></span> <span class='ocrx_word' id='word_1_141' title='bbox 206 1767 391 1846; x_wconf 74' lang='grc' dir='ltr'><strong><em>χειρουργίας</em></strong></span> <span class='ocrx_word' id='word_1_142' title='bbox 411 1765 545 1843; x_wconf 63' lang='lat' dir='ltr'><strong>ipsicius</strong></span> <span class='ocrx_word' id='word_1_143' title='bbox 568 1757 708 1846; x_wconf 76' lang='grc' dir='ltr'><strong><em>βάλανον.</em></strong></span> <span class='ocrx_word' id='word_1_144' title='bbox 750 1765 808 1824; x_wconf 88' lang='lat' dir='ltr'><strong>Ubi</strong></span> <span class='ocrx_word' id='word_1_145' title='bbox 827 1766 999 1828; x_wconf 84' lang='lat' dir='ltr'><strong>Guinterius</strong></span> <span class='ocrx_word' id='word_1_146' title='bbox 1012 1784 1076 1824; x_wconf 88' lang='lat' dir='ltr'><strong>non</strong></span> <span class='ocrx_word' id='word_1_147' title='bbox 1088 1762 1224 1823; x_wconf 86' lang='lat' dir='ltr'><strong>animad-</strong></span> <span class='ocrx_word' id='word_1_148' title='bbox 1261 1787 1265 1794; x_wconf 92' lang='lat'>·</span> 
     </span>
     <span class='ocr_line' id='line_1_18' title="bbox 128 1848 1225 1931; baseline -0.005 -19"><span class='ocrx_word' id='word_1_149' title='bbox 128 1872 215 1912; x_wconf 82' lang='lat' dir='ltr'><strong>verso</strong></span> <span class='ocrx_word' id='word_1_150' title='bbox 232 1851 340 1909; x_wconf 88' lang='lat' dir='ltr'><strong>mendo</strong></span> <span class='ocrx_word' id='word_1_151' title='bbox 366 1851 458 1911; x_wconf 86' lang='lat' dir='ltr'><strong>vertit</strong></span> <span class='ocrx_word' id='word_1_152' title='bbox 479 1852 530 1915; x_wconf 84' lang='lat'><strong>31.</strong></span> <span class='ocrx_word' id='word_1_153' title='bbox 544 1849 580 1910; x_wconf 90' lang='lat' dir='ltr'><strong>D.</strong></span> <span class='ocrx_word' id='word_1_154' title='bbox 596 1859 631 1907; x_wconf 86' lang='lat' dir='ltr'><strong>ut</strong></span> <span class='ocrx_word' id='word_1_155' title='bbox 643 1871 676 1908; x_wconf 86' lang='lat' dir='ltr'><strong>eo</strong></span> <span class='ocrx_word' id='word_1_156' title='bbox 688 1853 791 1930; x_wconf 83' lang='lat' dir='ltr'><strong>magis</strong></span> <span class='ocrx_word' id='word_1_157' title='bbox 800 1849 946 1930; x_wconf 78' lang='lat' dir='ltr'><strong>glandem</strong></span> <span class='ocrx_word' id='word_1_158' title='bbox 961 1852 1100 1931; x_wconf 83' lang='lat' dir='ltr'><strong>aliquam</strong></span> <span class='ocrx_word' id='word_1_159' title='bbox 1114 1870 1149 1908; x_wconf 80' lang='lat' dir='ltr'><strong>en</strong></span> <span class='ocrx_word' id='word_1_160' title='bbox 1160 1848 1225 1907; x_wconf 81' lang='lat' dir='ltr'><strong>elsi-</strong></span> 
     </span>
     <span class='ocr_line' id='line_1_19' title="bbox 129 1928 1224 2016; baseline -0.001 -20"><span class='ocrx_word' id='word_1_161' title='bbox 129 1938 240 2015; x_wconf 83' lang='lat' dir='ltr'><strong>rurgic</strong></span> <span class='ocrx_word' id='word_1_162' title='bbox 266 1933 393 2014; x_wconf 80' lang='lat' dir='ltr'><strong>deligas.</strong></span> <span class='ocrx_word' id='word_1_163' title='bbox 437 1933 493 1994; x_wconf 85' lang='lat' dir='ltr'><strong>Sed</strong></span> <span class='ocrx_word' id='word_1_164' title='bbox 523 1934 643 1994; x_wconf 87' lang='lat' dir='ltr'><strong>omnino</strong></span> <span class='ocrx_word' id='word_1_165' title='bbox 665 1933 874 2013; x_wconf 86' lang='lat' dir='ltr'><strong>scribendum,</strong></span> <span class='ocrx_word' id='word_1_166' title='bbox 904 1935 1058 2016; x_wconf 71' lang='grc' dir='ltr'><strong><em>αἱρεῖσθαι</em></strong></span> <span class='ocrx_word' id='word_1_167' title='bbox 1078 1928 1224 2015; x_wconf 74' lang='grc' dir='ltr'><strong><em>βάσανον,</em></strong></span> 
     </span>
     <span class='ocr_line' id='line_1_20' title="bbox 130 2018 1229 2102; baseline -0.002 -24"><span class='ocrx_word' id='word_1_168' title='bbox 130 2019 215 2102; x_wconf 78' lang='lat' dir='ltr'><strong>quael</strong></span> <span class='ocrx_word' id='word_1_169' title='bbox 244 2041 304 2080; x_wconf 87' lang='lat' dir='ltr'><strong>non</strong></span> <span class='ocrx_word' id='word_1_170' title='bbox 331 2023 379 2076; x_wconf 88' lang='lat' dir='ltr'><strong>ita</strong></span> <span class='ocrx_word' id='word_1_171' title='bbox 395 2018 529 2078; x_wconf 81' lang='lat' dir='ltr'><strong>decorem</strong></span> <span class='ocrx_word' id='word_1_172' title='bbox 550 2021 649 2094; x_wconf 74' lang='lat' dir='ltr'><strong>vitiet,</strong></span> <span class='ocrx_word' id='word_1_173' title='bbox 682 2029 718 2076; x_wconf 84' lang='lat' dir='ltr'><strong>ut</strong></span> <span class='ocrx_word' id='word_1_174' title='bbox 737 2019 832 2078; x_wconf 81' lang='lat' dir='ltr'><strong>leuius</strong></span> <span class='ocrx_word' id='word_1_175' title='bbox 858 2019 1033 2098; x_wconf 78' lang='lat' dir='ltr'><strong>chirurgiae</strong></span> <span class='ocrx_word' id='word_1_176' title='bbox 1053 2021 1229 2077; x_wconf 82' lang='lat' dir='ltr'><strong>cruciatum</strong></span> 
     </span>
     <span class='ocr_line' id='line_1_21' title="bbox 120 2099 1120 2184; baseline -0.004 -18"><span class='ocrx_word' id='word_1_177' title='bbox 120 2099 232 2166; x_wconf 62' lang='lat' dir='ltr'><strong>&#39;subin</strong></span> <span class='ocrx_word' id='word_1_178' title='bbox 251 2108 322 2184; x_wconf 83' lang='lat' dir='ltr'><strong>quis</strong></span> <span class='ocrx_word' id='word_1_179' title='bbox 345 2107 435 2164; x_wconf 77' lang='lat' dir='ltr'><strong>velit:</strong></span> <span class='ocrx_word' id='word_1_180' title='bbox 456 2113 491 2163; x_wconf 88' lang='lat' dir='ltr'><strong>nt</strong></span> <span class='ocrx_word' id='word_1_181' title='bbox 508 2113 589 2164; x_wconf 84' lang='lat' dir='ltr'><strong>recte</strong></span> <span class='ocrx_word' id='word_1_182' title='bbox 606 2101 687 2164; x_wconf 84' lang='lat' dir='ltr'><strong>vidit</strong></span> <span class='ocrx_word' id='word_1_183' title='bbox 700 2103 826 2164; x_wconf 73' lang='lat' dir='ltr'><strong>Cornan.</strong></span> <span class='ocrx_word' id='word_1_184' title='bbox 842 2104 1001 2164; x_wconf 80' lang='lat' dir='ltr'><strong>Dolabeliis</strong></span> <span class='ocrx_word' id='word_1_185' title='bbox 1013 2103 1064 2169; x_wconf 84' lang='grc'><strong>67.</strong></span> <span class='ocrx_word' id='word_1_186' title='bbox 1084 2103 1120 2162; x_wconf 98' lang='lat' dir='ltr'><strong>A.</strong></span> 
     </span>
    </p>

    <p class='ocr_par' dir='ltr' id='par_1_5' title="bbox 129 2182 1227 2605">
     <span class='ocr_line' id='line_1_22' title="bbox 214 2182 1225 2268; baseline -0.005 -19"><span class='ocrx_word' id='word_1_187' title='bbox 214 2188 291 2250; x_wconf 82' lang='lat' dir='ltr'><strong>ibid.</strong></span> <span class='ocrx_word' id='word_1_188' title='bbox 311 2191 364 2251; x_wconf 82' lang='lat' dir='ltr'><strong>lin.</strong></span> <span class='ocrx_word' id='word_1_189' title='bbox 388 2195 419 2254; x_wconf 85' lang='grc'><strong>7.</strong></span> <span class='ocrx_word' id='word_1_190' title='bbox 436 2184 454 2251; x_wconf 83' lang='grc' dir='ltr'><strong><em>δ</em></strong></span> <span class='ocrx_word' id='word_1_191' title='bbox 468 2187 520 2250; x_wconf 82' lang='lat' dir='ltr'><strong>nui</strong></span> <span class='ocrx_word' id='word_1_192' title='bbox 532 2190 681 2268; x_wconf 78' lang='grc' dir='ltr'><strong><em>Δρίστραν</em></strong></span> <span class='ocrx_word' id='word_1_193' title='bbox 695 2182 866 2268; x_wconf 71' lang='grc' dir='ltr'><strong><em>κικλήσκειν</em></strong></span> <span class='ocrx_word' id='word_1_194' title='bbox 880 2182 1044 2266; x_wconf 71' lang='grc' dir='ltr'><strong><em>εἰώθεσαν]</em></strong></span> <span class='ocrx_word' id='word_1_195' title='bbox 1063 2185 1172 2262; x_wconf 82' lang='lat' dir='ltr'><strong>Codex,</strong></span> <span class='ocrx_word' id='word_1_196' title='bbox 1186 2192 1225 2245; x_wconf 91' lang='lat' dir='ltr'><strong>ut</strong></span> 
     </span>
     <span class='ocr_line' id='line_1_23' title="bbox 129 2269 1224 2356; baseline -0.005 -20"><span class='ocrx_word' id='word_1_197' title='bbox 129 2276 233 2336; x_wconf 80' lang='lat' dir='ltr'><strong>notavi</strong></span> <span class='ocrx_word' id='word_1_198' title='bbox 249 2275 282 2332; x_wconf 92' lang='lat' dir='ltr'><strong>in</strong></span> <span class='ocrx_word' id='word_1_199' title='bbox 302 2295 368 2347; x_wconf 90' lang='lat' dir='ltr'><strong>ora,</strong></span> <span class='ocrx_word' id='word_1_200' title='bbox 387 2275 546 2356; x_wconf 77' lang='grc' dir='ltr'><strong><em>Δρῆστραν</em></strong></span> <span class='ocrx_word' id='word_1_201' title='bbox 559 2272 653 2353; x_wconf 85' lang='lat' dir='ltr'><strong>(aic)·</strong></span> <span class='ocrx_word' id='word_1_202' title='bbox 677 2273 799 2334; x_wconf 84' lang='lat' dir='ltr'><strong>Cadren.</strong></span> <span class='ocrx_word' id='word_1_203' title='bbox 821 2272 891 2332; x_wconf 83' lang='lat' dir='ltr'><strong>edit.</strong></span> <span class='ocrx_word' id='word_1_204' title='bbox 905 2274 1037 2354; x_wconf 80' lang='grc' dir='ltr'><strong><em>Δρίστρα</em></strong></span> <span class='ocrx_word' id='word_1_205' title='bbox 1049 2269 1086 2330; x_wconf 87' lang='grc' dir='ltr'><strong>ΙΙ.</strong></span> <span class='ocrx_word' id='word_1_206' title='bbox 1099 2269 1171 2345; x_wconf 71' lang='lat'><strong>614.</strong></span> <span class='ocrx_word' id='word_1_207' title='bbox 1186 2269 1224 2332; x_wconf 85' lang='grc' dir='ltr'><strong>Β.</strong></span> 
     </span>
     <span class='ocr_line' id='line_1_24' title="bbox 129 2355 1225 2444; baseline -0.002 -25"><span class='ocrx_word' id='word_1_208' title='bbox 129 2361 165 2421; x_wconf 90' lang='lat' dir='ltr'><strong>D.</strong></span> <span class='ocrx_word' id='word_1_209' title='bbox 185 2359 277 2418; x_wconf 86' lang='lat' dir='ltr'><strong>Codd.</strong></span> <span class='ocrx_word' id='word_1_210' title='bbox 292 2359 376 2418; x_wconf 83' lang='lat' dir='ltr'><strong>Csdr.</strong></span> <span class='ocrx_word' id='word_1_211' title='bbox 392 2368 422 2417; x_wconf 90' lang='lat' dir='ltr'><strong>et</strong></span> <span class='ocrx_word' id='word_1_212' title='bbox 431 2359 522 2439; x_wconf 67' lang='lat' dir='ltr'><strong>Scyl„</strong></span> <span class='ocrx_word' id='word_1_213' title='bbox 538 2378 611 2437; x_wconf 88' lang='lat' dir='ltr'><strong>quos</strong></span> <span class='ocrx_word' id='word_1_214' title='bbox 621 2357 739 2437; x_wconf 87' lang='lat' dir='ltr'><strong>quidem</strong></span> <span class='ocrx_word' id='word_1_215' title='bbox 753 2356 828 2435; x_wconf 83' lang='lat' dir='ltr'><strong>vidi,</strong></span> <span class='ocrx_word' id='word_1_216' title='bbox 842 2356 913 2417; x_wconf 88' lang='lat' dir='ltr'><strong>satis</strong></span> <span class='ocrx_word' id='word_1_217' title='bbox 925 2364 1095 2419; x_wconf 85' lang='lat' dir='ltr'><strong>constanter</strong></span> <span class='ocrx_word' id='word_1_218' title='bbox 1101 2355 1225 2444; x_wconf 72' lang='grc' dir='ltr'><strong><em>Δρίστα,</em></strong></span> 
     </span>
     <span class='ocr_line' id='line_1_25' title="bbox 130 2438 1227 2525; baseline -0.005 -19"><span class='ocrx_word' id='word_1_219' title='bbox 130 2448 239 2523; x_wconf 87' lang='lat' dir='ltr'><strong>absque</strong></span> <span class='ocrx_word' id='word_1_220' title='bbox 258 2470 290 2525; x_wconf 79' lang='grc' dir='ltr'><strong>ρ,</strong></span> <span class='ocrx_word' id='word_1_221' title='bbox 319 2444 568 2525; x_wconf 66' lang='lat' dir='ltr'><strong>quenadmodum</strong></span> <span class='ocrx_word' id='word_1_222' title='bbox 588 2442 659 2503; x_wconf 88' lang='lat' dir='ltr'><strong>Cod.</strong></span> <span class='ocrx_word' id='word_1_223' title='bbox 679 2443 788 2520; x_wconf 78' lang='lat' dir='ltr'><strong>Leonis</strong></span> <span class='ocrx_word' id='word_1_224' title='bbox 817 2446 867 2508; x_wconf 87' lang='lat'><strong>83.</strong></span> <span class='ocrx_word' id='word_1_225' title='bbox 887 2442 922 2506; x_wconf 88' lang='lat' dir='ltr'><strong>A.</strong></span> <span class='ocrx_word' id='word_1_226' title='bbox 945 2444 988 2501; x_wconf 86' lang='lat' dir='ltr'><strong>De</strong></span> <span class='ocrx_word' id='word_1_227' title='bbox 1011 2442 1128 2501; x_wconf 82' lang='lat' dir='ltr'><strong>Dristrs</strong></span> <span class='ocrx_word' id='word_1_228' title='bbox 1153 2438 1227 2503; x_wconf 75' lang='lat' dir='ltr'><strong>vids</strong></span> 
     </span>
     <span class='ocr_line' id='line_1_26' title="bbox 130 2526 1093 2605; baseline -0.004 -14"><span class='ocrx_word' id='word_1_229' title='bbox 130 2530 297 2591; x_wconf 85' lang='lat' dir='ltr'><strong>Schloezer.</strong></span> <span class='ocrx_word' id='word_1_230' title='bbox 314 2530 352 2589; x_wconf 88' lang='lat' dir='ltr'><strong>ed</strong></span> <span class='ocrx_word' id='word_1_231' title='bbox 369 2532 494 2605; x_wconf 88' lang='lat' dir='ltr'><strong>Nestor,</strong></span> <span class='ocrx_word' id='word_1_232' title='bbox 516 2528 680 2587; x_wconf 81' lang='lat' dir='ltr'><strong>Ruesiaclze</strong></span> <span class='ocrx_word' id='word_1_233' title='bbox 690 2527 833 2587; x_wconf 81' lang='lat' dir='ltr'><strong>Annalem</strong></span> <span class='ocrx_word' id='word_1_234' title='bbox 851 2526 1093 2592; x_wconf 79' lang='lat' dir='ltr'><strong>etc.v.131.0.</strong></span> 
     </span>
    </p>

    <p class='ocr_par' dir='ltr' id='par_1_6' title="bbox 214 2605 1224 2694">
     <span class='ocr_line' id='line_1_27' title="bbox 214 2605 1224 2694; baseline -0.018 -11"><span class='ocrx_word' id='word_1_235' title='bbox 214 2619 296 2694; x_wconf 73' lang='lat' dir='ltr'><strong>Pa&#39;g·</strong></span> <span class='ocrx_word' id='word_1_236' title='bbox 320 2615 391 2681; x_wconf 83' lang='lat'><strong>141.</strong></span> <span class='ocrx_word' id='word_1_237' title='bbox 414 2616 468 2675; x_wconf 77' lang='lat' dir='ltr'><strong>lin·</strong></span> <span class='ocrx_word' id='word_1_238' title='bbox 491 2616 540 2679; x_wconf 84' lang='lat'><strong>18.</strong></span> <span class='ocrx_word' id='word_1_239' title='bbox 562 2605 732 2688; x_wconf 80' lang='grc' dir='ltr'><strong><em>διξαδσεοιν</em></strong></span> <span class='ocrx_word' id='word_1_240' title='bbox 749 2607 917 2687; x_wconf 71' lang='lat' dir='ltr'><strong>ictericiae]</strong></span> <span class='ocrx_word' id='word_1_241' title='bbox 942 2610 1039 2687; x_wconf 90' lang='lat' dir='ltr'><strong>Verti,</strong></span> <span class='ocrx_word' id='word_1_242' title='bbox 1061 2609 1224 2690; x_wconf 82' lang='lat' dir='ltr'><strong>epularum</strong></span> 
     </span>
    </p>
   </div>
   <div class='ocr_carea' id='block_1_5' title="bbox 131 2688 1353 2777">
    <p class='ocr_par' dir='ltr' id='par_1_7' title="bbox 131 2688 1353 2777">
     <span class='ocr_line' id='line_1_28' title="bbox 131 2688 1353 2777; baseline -0.011 -15"><span class='ocrx_word' id='word_1_243' title='bbox 131 2702 418 2762; x_wconf 82' lang='lat' dir='ltr'><strong>communicatione:</strong></span> <span class='ocrx_word' id='word_1_244' title='bbox 449 2698 501 2757; x_wconf 90' lang='lat' dir='ltr'><strong>sed</strong></span> <span class='ocrx_word' id='word_1_245' title='bbox 522 2698 705 2776; x_wconf 86' lang='lat' dir='ltr'><strong>notandum,</strong></span> <span class='ocrx_word' id='word_1_246' title='bbox 730 2718 837 2757; x_wconf 82' lang='lat' dir='ltr'><strong>vocem</strong></span> <span class='ocrx_word' id='word_1_247' title='bbox 860 2697 1008 2777; x_wconf 75' lang='grc' dir='ltr'><strong><em>δεξίωοις,</em></strong></span> <span class='ocrx_word' id='word_1_248' title='bbox 1030 2696 1119 2755; x_wconf 80' lang='lat' dir='ltr'><strong>etism</strong></span> <span class='ocrx_word' id='word_1_249' title='bbox 1137 2694 1223 2754; x_wconf 84' lang='lat' dir='ltr'><strong>nulla</strong></span> <span class='ocrx_word' id='word_1_250' title='bbox 1237 2693 1269 2751; x_wconf 87' lang='lat' dir='ltr'><strong>P.</strong></span> <span class='ocrx_word' id='word_1_251' title='bbox 1284 2688 1353 2768; x_wconf 66' lang='grc' dir='ltr'><strong>210Ι</strong></span> 
     </span>
    </p>
   </div>
   <div class='ocr_carea' id='block_1_6' title="bbox 131 2779 1315 3459">
    <p class='ocr_par' dir='ltr' id='par_1_8' title="bbox 131 2779 1263 3032">
     <span class='ocr_line' id='line_1_29' title="bbox 131 2779 1227 2865; baseline -0.007 -17"><span class='ocrx_word' id='word_1_252' title='bbox 131 2788 190 2848; x_wconf 81' lang='lat' dir='ltr'><strong>slis</strong></span> <span class='ocrx_word' id='word_1_253' title='bbox 202 2785 325 2859; x_wconf 88' lang='lat' dir='ltr'><strong>adiecta,</strong></span> <span class='ocrx_word' id='word_1_254' title='bbox 341 2784 420 2865; x_wconf 87' lang='lat' dir='ltr'><strong>apud</strong></span> <span class='ocrx_word' id='word_1_255' title='bbox 431 2784 588 2863; x_wconf 73' lang='lat' dir='ltr'><strong>scriptores</strong></span> <span class='ocrx_word' id='word_1_256' title='bbox 602 2792 680 2842; x_wconf 83' lang='lat' dir='ltr'><strong>certe</strong></span> <span class='ocrx_word' id='word_1_257' title='bbox 694 2781 796 2861; x_wconf 76' lang='lat' dir='ltr'><strong>quarti</strong></span> <span class='ocrx_word' id='word_1_258' title='bbox 809 2781 918 2841; x_wconf 87' lang='lat' dir='ltr'><strong>saeculi</strong></span> <span class='ocrx_word' id='word_1_259' title='bbox 934 2790 963 2841; x_wconf 89' lang='lat' dir='ltr'><strong>et</strong></span> <span class='ocrx_word' id='word_1_260' title='bbox 977 2779 1125 2859; x_wconf 88' lang='lat' dir='ltr'><strong>deinceps,</strong></span> <span class='ocrx_word' id='word_1_261' title='bbox 1136 2796 1227 2859; x_wconf 83' lang='lat' dir='ltr'><strong>saepe</strong></span> 
     </span>
     <span class='ocr_line' id='line_1_30' title="bbox 131 2862 1263 2952; baseline -0.008 -21"><span class='ocrx_word' id='word_1_262' title='bbox 131 2872 239 2952; x_wconf 83' lang='lat' dir='ltr'><strong>epulas</strong></span> <span class='ocrx_word' id='word_1_263' title='bbox 261 2871 369 2930; x_wconf 87' lang='lat' dir='ltr'><strong>valere.</strong></span> <span class='ocrx_word' id='word_1_264' title='bbox 410 2868 556 2947; x_wconf 84' lang='lat' dir='ltr'><strong>Exempla</strong></span> <span class='ocrx_word' id='word_1_265' title='bbox 579 2866 732 2947; x_wconf 86' lang='lat' dir='ltr'><strong>complura</strong></span> <span class='ocrx_word' id='word_1_266' title='bbox 756 2866 807 2927; x_wconf 85' lang='lat' dir='ltr'><strong>vel</strong></span> <span class='ocrx_word' id='word_1_267' title='bbox 828 2866 862 2925; x_wconf 91' lang='lat' dir='ltr'><strong>in</strong></span> <span class='ocrx_word' id='word_1_268' title='bbox 875 2886 936 2925; x_wconf 89' lang='lat' dir='ltr'><strong>uno</strong></span> <span class='ocrx_word' id='word_1_269' title='bbox 952 2867 983 2924; x_wconf 88' lang='lat' dir='ltr'><strong>S.</strong></span> <span class='ocrx_word' id='word_1_270' title='bbox 1000 2864 1111 2923; x_wconf 81' lang='lat' dir='ltr'><strong>losnns</strong></span> <span class='ocrx_word' id='word_1_271' title='bbox 1126 2862 1226 2943; x_wconf 81' lang='lat' dir='ltr'><strong>Chry·</strong></span> <span class='ocrx_word' id='word_1_272' title='bbox 1260 2904 1263 2906; x_wconf 36' lang='lat'><em>‡</em></span> 
     </span>
     <span class='ocr_line' id='line_1_31' title="bbox 131 2948 1226 3032; baseline -0.012 -15"><span class='ocrx_word' id='word_1_273' title='bbox 131 2965 260 3017; x_wconf 86' lang='lat' dir='ltr'><strong>sostomo</strong></span> <span class='ocrx_word' id='word_1_274' title='bbox 275 2956 358 3016; x_wconf 87' lang='lat' dir='ltr'><strong>Orat.</strong></span> <span class='ocrx_word' id='word_1_275' title='bbox 382 2953 407 3015; x_wconf 93' lang='lat' dir='ltr'><strong>I.</strong></span> <span class='ocrx_word' id='word_1_276' title='bbox 427 2954 459 3012; x_wconf 89' lang='lat' dir='ltr'><strong>in</strong></span> <span class='ocrx_word' id='word_1_277' title='bbox 477 2953 569 3031; x_wconf 85' lang='lat' dir='ltr'><strong>Epist.</strong></span> <span class='ocrx_word' id='word_1_278' title='bbox 588 2952 626 3011; x_wconf 86' lang='lat' dir='ltr'><strong>ad</strong></span> <span class='ocrx_word' id='word_1_279' title='bbox 639 2952 821 3032; x_wconf 88' lang='lat' dir='ltr'><strong>Philippens.</strong></span> <span class='ocrx_word' id='word_1_280' title='bbox 837 2950 981 3030; x_wconf 85' lang='lat' dir='ltr'><strong>expositis</strong></span> <span class='ocrx_word' id='word_1_281' title='bbox 995 2948 1094 3012; x_wconf 87' lang='lat' dir='ltr'><strong>verbis</strong></span> <span class='ocrx_word' id='word_1_282' title='bbox 1113 2949 1148 3007; x_wconf 90' lang='lat' dir='ltr'><strong>D.</strong></span> <span class='ocrx_word' id='word_1_283' title='bbox 1161 2950 1226 3008; x_wconf 86' lang='lat' dir='ltr'><strong>Lu.</strong></span> 
     </span>
    </p>

    <p class='ocr_par' dir='ltr' id='par_1_9' title="bbox 132 3032 1225 3115">
     <span class='ocr_line' id='line_1_32' title="bbox 132 3032 1225 3115; baseline -0.009 -12"><span class='ocrx_word' id='word_1_284' title='bbox 132 3062 184 3103; x_wconf 88' lang='lat' dir='ltr'><strong>cae</strong></span> <span class='ocrx_word' id='word_1_285' title='bbox 202 3061 267 3101; x_wconf 72' lang='lat' dir='ltr'><strong>xiv.</strong></span> <span class='ocrx_word' id='word_1_286' title='bbox 290 3045 340 3105; x_wconf 81' lang='lat'><strong>12.</strong></span> <span class='ocrx_word' id='word_1_287' title='bbox 356 3058 425 3097; x_wconf 88' lang='lat' dir='ltr'><strong>cum</strong></span> <span class='ocrx_word' id='word_1_288' title='bbox 433 3039 518 3115; x_wconf 79' lang='lat' dir='ltr'><strong>sacis</strong></span> <span class='ocrx_word' id='word_1_289' title='bbox 532 3039 719 3112; x_wconf 78' lang='lat' dir='ltr'><strong>convivium,</strong></span> <span class='ocrx_word' id='word_1_290' title='bbox 737 3057 814 3095; x_wconf 82' lang='lat' dir='ltr'><strong>coca</strong></span> <span class='ocrx_word' id='word_1_291' title='bbox 829 3054 997 3115; x_wconf 83' lang='lat' dir='ltr'><strong>pauperes,</strong></span> <span class='ocrx_word' id='word_1_292' title='bbox 1016 3034 1114 3113; x_wconf 86' lang='lat' dir='ltr'><strong>pergit</strong></span> <span class='ocrx_word' id='word_1_293' title='bbox 1126 3032 1177 3093; x_wconf 87' lang='lat' dir='ltr'><strong>lv.</strong></span> <span class='ocrx_word' id='word_1_294' title='bbox 1193 3037 1225 3101; x_wconf 78' lang='grc'><strong>9,</strong></span> 
     </span>
    </p>

    <p class='ocr_par' dir='ltr' id='par_1_10' title="bbox 131 3112 1315 3371">
     <span class='ocr_line' id='line_1_33' title="bbox 131 3112 1315 3213; baseline -0.009 -23"><span class='ocrx_word' id='word_1_295' title='bbox 131 3127 183 3195; x_wconf 86' lang='grc'><strong>40.</strong></span> <span class='ocrx_word' id='word_1_296' title='bbox 199 3122 236 3190; x_wconf 85' lang='grc' dir='ltr'><strong>ου’</strong></span> <span class='ocrx_word' id='word_1_297' title='bbox 250 3118 307 3209; x_wconf 73' lang='grc' dir='ltr'><strong>γὰρ</strong></span> <span class='ocrx_word' id='word_1_298' title='bbox 323 3120 425 3196; x_wconf 74' lang='grc' dir='ltr'><strong><em>ἅπλῶς</em></strong></span> <span class='ocrx_word' id='word_1_299' title='bbox 440 3124 488 3184; x_wconf 79' lang='grc' dir='ltr'><strong>δεῖ</strong></span> <span class='ocrx_word' id='word_1_300' title='bbox 499 3119 552 3196; x_wconf 77' lang='grc' dir='ltr'><strong><em>τοὶς</em></strong></span> <span class='ocrx_word' id='word_1_301' title='bbox 564 3116 703 3194; x_wconf 74' lang='grc' dir='ltr'><strong><em>τοιαύτας</em></strong></span> <span class='ocrx_word' id='word_1_302' title='bbox 712 3115 861 3195; x_wconf 64' lang='grc' dir='ltr'><strong><em>δεξιώσεις</em></strong></span> <span class='ocrx_word' id='word_1_303' title='bbox 874 3124 983 3195; x_wconf 79' lang='grc' dir='ltr'><strong><em>ποιεῖν,</em></strong></span> <span class='ocrx_word' id='word_1_304' title='bbox 999 3112 1076 3181; x_wconf 74' lang='lat' dir='ltr'><strong>tue</strong></span> <span class='ocrx_word' id='word_1_305' title='bbox 1085 3122 1150 3190; x_wconf 80' lang='grc' dir='ltr'><strong><em>τοῖς</em></strong></span> <span class='ocrx_word' id='word_1_306' title='bbox 1161 3138 1226 3200; x_wconf 77' lang='lat' dir='ltr'><strong>sses-</strong></span> <span class='ocrx_word' id='word_1_307' title='bbox 1309 3196 1315 3213; x_wconf 31' lang='grc' dir='ltr'>ἱ</span> 
     </span>
     <span class='ocr_line' id='line_1_34' title="bbox 132 3202 1225 3288; baseline -0.011 -13"><span class='ocrx_word' id='word_1_308' title='bbox 132 3216 236 3288; x_wconf 66' lang='lat' dir='ltr'><strong>vocer,</strong></span> <span class='ocrx_word' id='word_1_309' title='bbox 259 3203 334 3272; x_wconf 78' lang='lat' dir='ltr'><strong>cittii</strong></span> <span class='ocrx_word' id='word_1_310' title='bbox 349 3214 411 3279; x_wconf 84' lang='grc' dir='ltr'><strong><em>τοῖς</em></strong></span> <span class='ocrx_word' id='word_1_311' title='bbox 429 3209 551 3281; x_wconf 73' lang='grc' dir='ltr'><strong><em>διψῶσι,</em></strong></span> <span class='ocrx_word' id='word_1_312' title='bbox 570 3229 597 3269; x_wconf 83' lang='grc' dir='ltr'><strong>τι.</strong></span> <span class='ocrx_word' id='word_1_313' title='bbox 611 3228 638 3267; x_wconf 92' lang='grc' dir='ltr'><strong>τ.</strong></span> <span class='ocrx_word' id='word_1_314' title='bbox 652 3210 679 3267; x_wconf 80' lang='grc' dir='ltr'><strong>λ.</strong></span> <span class='ocrx_word' id='word_1_315' title='bbox 693 3206 728 3265; x_wconf 90' lang='lat' dir='ltr'><strong>In</strong></span> <span class='ocrx_word' id='word_1_316' title='bbox 744 3208 774 3265; x_wconf 90' lang='lat' dir='ltr'><strong>S.</strong></span> <span class='ocrx_word' id='word_1_317' title='bbox 790 3205 956 3265; x_wconf 83' lang='lat' dir='ltr'><strong>Pentecost.</strong></span> <span class='ocrx_word' id='word_1_318' title='bbox 972 3213 1003 3262; x_wconf 86' lang='lat' dir='ltr'><strong>et</strong></span> <span class='ocrx_word' id='word_1_319' title='bbox 1014 3222 1106 3282; x_wconf 86' lang='lat' dir='ltr'><strong>quare</strong></span> <span class='ocrx_word' id='word_1_320' title='bbox 1121 3202 1225 3263; x_wconf 87' lang='lat' dir='ltr'><strong>mirac.</strong></span> 
     </span>
     <span class='ocr_line' id='line_1_35' title="bbox 132 3284 1227 3371; baseline -0.008 -15"><span class='ocrx_word' id='word_1_321' title='bbox 132 3316 215 3356; x_wconf 85' lang='lat' dir='ltr'><strong>nnnc</strong></span> <span class='ocrx_word' id='word_1_322' title='bbox 232 3315 294 3354; x_wconf 90' lang='lat' dir='ltr'><strong>non</strong></span> <span class='ocrx_word' id='word_1_323' title='bbox 309 3292 384 3352; x_wconf 87' lang='lat' dir='ltr'><strong>fiant</strong></span> <span class='ocrx_word' id='word_1_324' title='bbox 396 3292 431 3353; x_wconf 88' lang='lat' dir='ltr'><strong>V.</strong></span> <span class='ocrx_word' id='word_1_325' title='bbox 446 3292 517 3357; x_wconf 87' lang='grc'><strong>604.</strong></span> <span class='ocrx_word' id='word_1_326' title='bbox 532 3290 583 3357; x_wconf 83' lang='grc'><strong>34.</strong></span> <span class='ocrx_word' id='word_1_327' title='bbox 599 3290 670 3353; x_wconf 74' lang='grc' dir='ltr'><strong><em>αἵτε</em></strong></span> <span class='ocrx_word' id='word_1_328' title='bbox 687 3290 858 3371; x_wconf 83' lang='grc' dir='ltr'><strong><em>φιλοτησίαι</em></strong></span> <span class='ocrx_word' id='word_1_329' title='bbox 871 3286 923 3351; x_wconf 73' lang='grc' dir='ltr'><strong><em>καὶ</em></strong></span> <span class='ocrx_word' id='word_1_330' title='bbox 938 3284 1097 3365; x_wconf 75' lang='grc' dir='ltr'><strong><em>δεξιώσεις.</em></strong></span> <span class='ocrx_word' id='word_1_331' title='bbox 1139 3285 1227 3347; x_wconf 86' lang='lat' dir='ltr'><strong>Adde</strong></span> 
     </span>
    </p>

    <p class='ocr_par' dir='ltr' id='par_1_11' title="bbox 131 3368 1226 3459">
     <span class='ocr_line' id='line_1_36' title="bbox 131 3368 1226 3459; baseline -0.008 -19"><span class='ocrx_word' id='word_1_332' title='bbox 131 3382 199 3440; x_wconf 79' lang='lat' dir='ltr'><strong>loca</strong></span> <span class='ocrx_word' id='word_1_333' title='bbox 218 3380 253 3439; x_wconf 86' lang='lat' dir='ltr'><strong>in</strong></span> <span class='ocrx_word' id='word_1_334' title='bbox 272 3377 381 3459; x_wconf 85' lang='lat' dir='ltr'><strong>proph.</strong></span> <span class='ocrx_word' id='word_1_335' title='bbox 409 3377 504 3437; x_wconf 77' lang='lat' dir='ltr'><strong>Etiam</strong></span> <span class='ocrx_word' id='word_1_336' title='bbox 525 3374 559 3435; x_wconf 87' lang='lat' dir='ltr'><strong>V.</strong></span> <span class='ocrx_word' id='word_1_337' title='bbox 587 3374 765 3441; x_wconf 78' lang='lat' dir='ltr'><strong>675.8.1n</strong></span> <span class='ocrx_word' id='word_1_338' title='bbox 789 3394 867 3436; x_wconf 84' lang='lat' dir='ltr'><strong>eaeo.</strong></span> <span class='ocrx_word' id='word_1_339' title='bbox 882 3392 970 3459; x_wconf 82' lang='lat' dir='ltr'><strong>quem</strong></span> <span class='ocrx_word' id='word_1_340' title='bbox 987 3370 1096 3435; x_wconf 77' lang='lat' dir='ltr'><strong>Christ.</strong></span> <span class='ocrx_word' id='word_1_341' title='bbox 1111 3391 1173 3432; x_wconf 82' lang='lat' dir='ltr'><strong>sen.</strong></span> <span class='ocrx_word' id='word_1_342' title='bbox 1188 3368 1226 3432; x_wconf 81' lang='lat' dir='ltr'><strong>V.</strong></span> 
     </span>
    </p>
   </div>
   <div class='ocr_carea' id='block_1_7' title="bbox 132 3460 817 3547">
    <p class='ocr_par' dir='ltr' id='par_1_12' title="bbox 132 3460 817 3547">
     <span class='ocr_line' id='line_1_37' title="bbox 132 3460 817 3547; baseline -0.006 -22"><span class='ocrx_word' id='word_1_343' title='bbox 132 3462 206 3533; x_wconf 78' lang='grc'><strong>784.</strong></span> <span class='ocrx_word' id='word_1_344' title='bbox 218 3469 268 3533; x_wconf 77' lang='lat'><strong>28.</strong></span> <span class='ocrx_word' id='word_1_345' title='bbox 288 3464 324 3524; x_wconf 84' lang='lat' dir='ltr'><strong>[u</strong></span> <span class='ocrx_word' id='word_1_346' title='bbox 335 3464 578 3547; x_wconf 85' lang='lat' dir='ltr'><strong>Mesopentecost.</strong></span> <span class='ocrx_word' id='word_1_347' title='bbox 590 3460 656 3524; x_wconf 78' lang='lat' dir='ltr'><strong>VII.</strong></span> <span class='ocrx_word' id='word_1_348' title='bbox 674 3460 747 3529; x_wconf 80' lang='grc'><strong>376.</strong></span> <span class='ocrx_word' id='word_1_349' title='bbox 766 3464 817 3530; x_wconf 88' lang='grc'><strong>10.</strong></span> 
     </span>
    </p>
   </div>
   <div class='ocr_carea' id='block_1_8' title="bbox 574 3636 783 3657">
    <p class='ocr_par' dir='ltr' id='par_1_13' title="bbox 574 3636 783 3657">
     <span class='ocr_line' id='line_1_38' title="bbox 574 3636 783 3657; baseline -0.019 0"><span class='ocrx_word' id='word_1_350' title='bbox 574 3636 783 3657; x_wconf 60' lang='lat' dir='ltr'><strong>m</strong></span> 
     </span>
    </p>
   </div>
   <div class='ocr_carea' id='block_1_9' title="bbox 499 3741 868 3815">
    <p class='ocr_par' dir='ltr' id='par_1_14' title="bbox 499 3741 868 3815">
     <span class='ocr_line' id='line_1_39' title="bbox 499 3741 868 3815; baseline -0.011 0"><span class='ocrx_word' id='word_1_351' title='bbox 499 3744 554 3815; x_wconf 92' lang='lat' dir='ltr'><strong>IN</strong></span> <span class='ocrx_word' id='word_1_352' title='bbox 573 3744 780 3815; x_wconf 86' lang='lat' dir='ltr'><strong>LIBRUM</strong></span> <span class='ocrx_word' id='word_1_353' title='bbox 805 3741 868 3811; x_wconf 85' lang='lat' dir='ltr'><strong>lx.</strong></span> 
     </span>
    </p>
   </div>
   <div class='ocr_carea' id='block_1_10' title="bbox 133 3837 1341 4135">
    <p class='ocr_par' dir='ltr' id='par_1_15' title="bbox 133 3837 1341 4135">
     <span class='ocr_line' id='line_1_40' title="bbox 218 3837 1341 3967; baseline -0.009 -15"><span class='ocrx_word' id='word_1_354' title='bbox 218 3882 389 3967; x_wconf 74' lang='lat' dir='ltr'><strong>Pag.142.</strong></span> <span class='ocrx_word' id='word_1_355' title='bbox 411 3882 465 3945; x_wconf 80' lang='lat' dir='ltr'><strong>lin.</strong></span> <span class='ocrx_word' id='word_1_356' title='bbox 485 3882 515 3951; x_wconf 87' lang='grc'><strong>4.</strong></span> <span class='ocrx_word' id='word_1_357' title='bbox 537 3876 822 3966; x_wconf 75' lang='grc' dir='ltr'><strong><em>διασκηνισδμινος]</em></strong></span> <span class='ocrx_word' id='word_1_358' title='bbox 844 3876 976 3945; x_wconf 81' lang='lat' dir='ltr'><strong>Verbum</strong></span> <span class='ocrx_word' id='word_1_359' title='bbox 999 3837 1225 3959; x_wconf 69' lang='lat' dir='ltr'><strong>dumneitouas</strong></span> <span class='ocrx_word' id='word_1_360' title='bbox 1240 3882 1274 3940; x_wconf 79' lang='grc' dir='ltr'><strong>Ρ.</strong></span> <span class='ocrx_word' id='word_1_361' title='bbox 1287 3880 1341 3942; x_wconf 70' lang='lat' dir='ltr'><strong>tit</strong></span> 
     </span>
     <span class='ocr_line' id='line_1_41' title="bbox 133 3960 1228 4096; baseline -0.008 -63"><span class='ocrx_word' id='word_1_362' title='bbox 133 3992 198 4033; x_wconf 90' lang='lat' dir='ltr'><strong>non</strong></span> <span class='ocrx_word' id='word_1_363' title='bbox 211 3974 299 4032; x_wconf 81' lang='lat' dir='ltr'><strong>estin</strong></span> <span class='ocrx_word' id='word_1_364' title='bbox 312 3968 448 4066; x_wconf 57' lang='lat' dir='ltr'><strong>Lexicise</strong></span> <span class='ocrx_word' id='word_1_365' title='bbox 464 3968 523 4029; x_wconf 83' lang='lat' dir='ltr'><strong>nisi</strong></span> <span class='ocrx_word' id='word_1_366' title='bbox 538 3971 632 4030; x_wconf 81' lang='lat' dir='ltr'><strong>mavis</strong></span> <span class='ocrx_word' id='word_1_367' title='bbox 650 3971 747 4048; x_wconf 75' lang='lat' dir='ltr'><strong>legare</strong></span> <span class='ocrx_word' id='word_1_368' title='bbox 761 3960 1050 4049; x_wconf 76' lang='grc' dir='ltr'><strong><em>διασαηνησᾶμενος,</em></strong></span> <span class='ocrx_word' id='word_1_369' title='bbox 1073 3964 1228 4096; x_wconf 49' lang='grc' dir='ltr'><strong><em>ιδιαθη·</em></strong></span> 
     </span>
     <span class='ocr_line' id='line_1_42' title="bbox 135 4052 905 4135; baseline -0.008 -14"><span class='ocrx_word' id='word_1_370' title='bbox 135 4056 202 4121; x_wconf 78' lang='grc' dir='ltr'><strong>νέα.</strong></span> <span class='ocrx_word' id='word_1_371' title='bbox 233 4056 304 4117; x_wconf 89' lang='lat' dir='ltr'><strong>Cod.</strong></span> <span class='ocrx_word' id='word_1_372' title='bbox 314 4110 316 4115; x_wconf 94' lang='lat'><strong>.</strong></span> <span class='ocrx_word' id='word_1_373' title='bbox 327 4065 424 4114; x_wconf 87' lang='lat' dir='ltr'><strong>tamen</strong></span> <span class='ocrx_word' id='word_1_374' title='bbox 439 4062 547 4115; x_wconf 77' lang='lat' dir='ltr'><strong>iterum</strong></span> <span class='ocrx_word' id='word_1_375' title='bbox 564 4055 768 4135; x_wconf 74' lang='grc' dir='ltr'><strong><em>διεσκηνίσατο</em></strong></span> <span class='ocrx_word' id='word_1_376' title='bbox 789 4058 858 4118; x_wconf 88' lang='grc'><strong>106.</strong></span> <span class='ocrx_word' id='word_1_377' title='bbox 870 4052 905 4115; x_wconf 87' lang='grc' dir='ltr'><strong>Β.</strong></span> 
     </span>
    </p>
   </div>
   <div class='ocr_carea' id='block_1_11' title="bbox 12 4130 1228 4469">
    <p class='ocr_par' dir='ltr' id='par_1_16' title="bbox 12 4130 1228 4469">
     <span class='ocr_line' id='line_1_43' title="bbox 218 4130 1227 4223; baseline -0.024 -13"><span class='ocrx_word' id='word_1_378' title='bbox 218 4146 299 4223; x_wconf 73' lang='lat' dir='ltr'><em>Pag·</em></span> <span class='ocrx_word' id='word_1_379' title='bbox 324 4138 398 4206; x_wconf 72' lang='lat'><strong>148.»</strong></span> <span class='ocrx_word' id='word_1_380' title='bbox 415 4139 469 4197; x_wconf 85' lang='lat' dir='ltr'><strong>lin.</strong></span> <span class='ocrx_word' id='word_1_381' title='bbox 492 4144 521 4203; x_wconf 92' lang='grc'><strong>6.</strong></span> <span class='ocrx_word' id='word_1_382' title='bbox 543 4137 764 4221; x_wconf 79' lang='grc' dir='ltr'><strong><em>ἒγχρίτττοοσιν]</em></strong></span> <span class='ocrx_word' id='word_1_383' title='bbox 793 4136 944 4212; x_wconf 84' lang='lat' dir='ltr'><strong>Fortasse,</strong></span> <span class='ocrx_word' id='word_1_384' title='bbox 973 4138 1007 4195; x_wconf 86' lang='lat' dir='ltr'><strong>s&#39;n</strong></span> <span class='ocrx_word' id='word_1_385' title='bbox 1028 4136 1153 4211; x_wconf 82' lang='lat' dir='ltr'><strong>fossam</strong></span> <span class='ocrx_word' id='word_1_386' title='bbox 1179 4130 1227 4186; x_wconf 85' lang='lat' dir='ltr'><strong>ir-</strong></span> 
     </span>
     <span class='ocr_line' id='line_1_44' title="bbox 135 4213 1228 4313; baseline -0.017 -26"><span class='ocrx_word' id='word_1_387' title='bbox 135 4238 262 4307; x_wconf 83' lang='lat' dir='ltr'><strong>ruentes.</strong></span> <span class='ocrx_word' id='word_1_388' title='bbox 294 4220 465 4306; x_wconf 75' lang='grc' dir='ltr'><strong><em>Ἐγχρίτττει,</em></strong></span> <span class='ocrx_word' id='word_1_389' title='bbox 485 4222 604 4308; x_wconf 76' lang='grc' dir='ltr'><strong><em>ἐμπηδᾷ</em></strong></span> <span class='ocrx_word' id='word_1_390' title='bbox 619 4226 706 4303; x_wconf 85' lang='lat' dir='ltr'><strong>Greg.</strong></span> <span class='ocrx_word' id='word_1_391' title='bbox 721 4221 856 4283; x_wconf 82' lang='lat' dir='ltr'><strong>Corinth.</strong></span> <span class='ocrx_word' id='word_1_392' title='bbox 870 4223 913 4280; x_wconf 86' lang='lat' dir='ltr'><strong>De</strong></span> <span class='ocrx_word' id='word_1_393' title='bbox 927 4220 997 4279; x_wconf 86' lang='lat' dir='ltr'><strong>dial.</strong></span> <span class='ocrx_word' id='word_1_394' title='bbox 1012 4218 1084 4285; x_wconf 82' lang='grc'><strong>566.</strong></span> <span class='ocrx_word' id='word_1_395' title='bbox 1099 4217 1135 4277; x_wconf 94' lang='lat' dir='ltr'><strong>A.</strong></span> <span class='ocrx_word' id='word_1_396' title='bbox 1150 4213 1228 4313; x_wconf 33' lang='lat' dir='ltr'><strong>&#39;Su-</strong></span> 
     </span>
     <span class='ocr_line' id='line_1_45' title="bbox 12 4302 1227 4469; baseline -0.017 -92"><span class='ocrx_word' id='word_1_397' title='bbox 12 4362 13 4365; x_wconf 63' lang='lat'><strong>,</strong></span> <span class='ocrx_word' id='word_1_398' title='bbox 67 4384 78 4397; x_wconf 45' lang='grc'><strong>,</strong></span> <span class='ocrx_word' id='word_1_399' title='bbox 136 4316 191 4393; x_wconf 71' lang='lat' dir='ltr'><strong>lira</strong></span> <span class='ocrx_word' id='word_1_400' title='bbox 204 4306 554 4469; x_wconf 45' lang='grc' dir='ltr'><strong>ὲῗοξέαῗγοηηημφθὲντος</strong></span> <span class='ocrx_word' id='word_1_401' title='bbox 570 4310 650 4373; x_wconf 81' lang='lat' dir='ltr'><strong>veni</strong></span> <span class='ocrx_word' id='word_1_402' title='bbox 671 4312 844 4383; x_wconf 86' lang='lat' dir='ltr'><strong>insinuato,</strong></span> <span class='ocrx_word' id='word_1_403' title='bbox 863 4302 1119 4457; x_wconf 56' lang='lat' dir='ltr'><strong>retentasepassica</strong></span> <span class='ocrx_word' id='word_1_404' title='bbox 1134 4316 1227 4379; x_wconf 73' lang='lat' dir='ltr'><strong>sagne-</strong></span> 
     </span>
    </p>
   </div>
   <div class='ocr_carea' id='block_1_12' title="bbox 1048 4537 1289 4725">
    <p class='ocr_par' dir='ltr' id='par_1_17' title="bbox 1048 4537 1289 4725">
     <span class='ocr_line' id='line_1_46' title="bbox 1048 4537 1289 4680; baseline -0.004 0"><span class='ocrx_word' id='word_1_405' title='bbox 1048 4537 1289 4680; x_wconf 50' lang='lat' dir='ltr'><strong>‚t‘</strong></span> 
     </span>
     <span class='ocr_line' id='line_1_47' title="bbox 1175 4691 1188 4725; baseline 0 0"><span class='ocrx_word' id='word_1_406' title='bbox 1175 4691 1188 4725; x_wconf 72' lang='grc' dir='ltr'><strong><em>ι</em></strong></span> 
     </span>
    </p>
   </div>
   <div class='ocr_carea' id='block_1_13' title="bbox 0 0 1490 4850">
    <p class='ocr_par' dir='ltr' id='par_1_18' title="bbox 0 0 1490 4850">
     <span class='ocr_line' id='line_1_48' title="bbox 0 0 1490 4850; baseline 0 0"><span class='ocrx_word' id='word_1_407' title='bbox 0 0 1490 4850; x_wconf 95' lang='lat' dir='ltr'><strong> </strong></span> 
     </span>
    </p>
   </div>
  </div>
 </body>
</html>
