2959 4850
307 107 446 180 s

248 299 357 348 xrvm
681 285 718 358 c.
738 226 774 358 Β
793 286 911 362 ΗΒΒΒ

226 443 227 446 “
250 457 335 509 vecta
354 443 486 526 midique
504 455 722 528 repeterentur,
753 449 862 513 accidit
881 457 918 509 nt
936 448 1016 509 inter
1030 447 1208 522 Codicea,in
1229 445 1342 508 urban

249 547 444 632 reportandos
464 558 541 608 esset
555 548 715 611 Vaticanus
731 551 787 613 No.
801 557 870 619 163.
892 551 975 611 illam
991 552 1089 634 ipsam
1108 551 1179 610 Iulii
1202 551 1341 611 Pollucis

248 653 403 714 historiam
418 651 625 738 conplectens.
666 653 711 713 lbi
725 675 794 714 cnm
806 653 1020 713 intellexissent
1030 663 1239 734 procuratores
1252 641 1354 713 Sum-'

247 756 290 816 mi
303 753 462 828 Pontificio,
477 773 525 814 me
536 753 569 812 in
584 753 777 816 conficiendis
787 757 867 816 notia
876 755 1052 818 hocCcdice
1063 777 1147 837 aegre
1159 758 1340 832 cariturum,

245 857 467 941 perhumaniter
477 867 661 934 negaverunt
681 877 712 918 se
735 859 959 937 commissuros,
980 868 1015 920 ut
1033 880 1050 919 a
1070 879 1103 919 se
1123 860 1230 920 studiis
1262 858 1340 918 meis
1415 915 1419 920 ,

247 961 362 1022 obesset
374 959 543 1040 quicquam,
559 959 824 1041 permiseruntqua,
846 969 881 1020 ut
895 981 988 1040 usque
1000 960 1039 1020 ad
1050 961 1217 1042 cainonem·
1222 961 1300 1022 libri
1312 947 1341 1020 ia

247 1065 348 1124 Codex
361 1059 480 1124 Parisiis
491 1069 665 1122 remaneret.
686 1062 835 1136 Quocirca
845 1062 1114 1143 maximaa‘gratias
1127 1074 1157 1125 et
1167 1085 1222 1144 ago
1238 1072 1271 1123 et
1280 1062 1342 1122 ha-

245 1166 300 1228 beo
318 1165 390 1226 Viro
403 1163 567 1224 reverenda
580 1175 670 1245 atque
682 1165 726 1224 ill.
743 1164 859 1225 Marino
876 1165 1001 1244 Marini,
1023 1167 1059 1227 ab
1072 1167 1178 1227 infimo
1194 1165 1340 1227 cubiculo

245 1266 360 1328 Summi
372 1265 541 1341 Pontificio,
563 1277 592 1326 et
605 1265 720 1327 archivi
731 1265 896 1346 Apostolici
909 1267 1046 1331 Vaticani
1058 1270 1225 1340 uaesano,
1248 1269 1340 1330 cuius

246 1371 279 1430 in
292 1370 351 1430 hoc
364 1369 482 1448 negotio
498 1367 606 1428 eximia
618 1367 770 1450 studiique
785 1370 875 1449 plena
890 1370 989 1432 officia
1002 1391 1070 1451 erga
1082 1391 1130 1432 rna
1142 1372 1339 1432 exstiterunt.
1420 1369 1427 1380 ’

247 1473 338 1547 Quod
359 1479 457 1532 autam
476 1472 622 1532 eiusmodi
640 1471 799 1532 notionum
814 1469 1022 1535 historicarum
1040 1495 1083 1556 ne
1098 1475 1143 1535 sic
1162 1473 1288 1559 quidam
1303 1473 1342 1534 in

245 1573 305 1635 hoc
316 1575 409 1634 Temo
426 1593 582 1658 permagna
600 1583 645 1633 eat
663 1573 793 1634 accessio
813 1576 910 1655 lacta,
931 1596 994 1636 non
1008 1576 1110 1636 hercle
1125 1577 1270 1659 penuriae
1285 1575 1342 1636 Bi·
1473 1656 1474 1659 Ἴ

246 1676 412 1736 bliothecae
427 1683 563 1753 nostrae,
586 1675 638 1736 aed
655 1677 802 1757 paucitati
816 1697 979 1752 annorum,
1002 1700 1131 1759 qnorum
1147 1689 1227 1760 gesta
1240 1677 1342 1739 tradit

245 1780 304 1840 Leo
323 1777 403 1862 (ride
424 1797 514 1858 supra
528 1777 603 1839 VIll.
620 1775 680 1859 Δ.),
702 1778 796 1838 tribui
812 1779 846 1839 id
858 1781 958 1840 velim.
999 1781 1049 1840 Ad
1062 1781 1209 1856 Psallam,
1233 1801 1338 1840 anno-

192 1903 199 1925 ·
243 1903 311 1944 rum
326 1902 420 1964 prope
434 1892 552 1941 centum
568 1878 770 1962 (ew-1060)
791 1882 962 1942 memoriam
974 1893 1182 1964 persecutum,
1203 1882 1339 1964 plurima

244 1984 388 2045 eiusmodi
404 1983 516 2043 inedita
535 1983 711 2062 subiungere
727 2003 776 2042 rna
794 2003 882 2065 posse
896 2005 1003 2066 spero,
1024 1985 1131 2065 quibua
1147 1981 1198 2047 'vel
1220 1983 1338 2045 stabili.

241 2097 304 2165 tur,
325 2087 374 2148 vel
388 2085 577 2166 emendatur,
597 2087 648 2150 vel
664 2085 781 2148 rafione
793 2086 955 2170 multiplici
969 2086 1170 2169 amplificatur
1183 2087 1246 2147 eius
1258 2103 1337 2146 nar-

177 2195 182 2211 ¹
241 2190 331 2259 ratio.

188 2333 198 2344 '
318 2359 399 2423 x1v.
419 2357 538 2420 tanim
552 2377 614 2427 nor
630 2359 830 2439 mrugaon,
844 2356 1334 2421 earnemcarnem

241 2458 301 2522 lroc
315 2462 428 2543 duplici
443 2459 563 2521 nomina
578 2446 794 2541 safiasacerena,
817 2471 918 2523 tamen
931 2463 997 2523 sore
1006 2473 1043 2523 ut
1055 2463 1098 2523 sic
1112 2480 1209 2539 neque
1224 2458 1263 2521 ad
1276 2458 1334 2519 lit·
1416 2530 1419 2538 ,

229 2572 373 2631 ,terarum
392 2565 571 2626 Graecarum
587 2564 736 2645 nequead
756 2564 899 2625 historiae
918 2565 1068 2625 studiosos
1081 2563 1125 2623 ita
1147 2562 1258 2622 multos
1271 2562 1335 2621 mei

242 2664 338 2726 officii
356 2666 470 2727 utilitas
485 2668 656 2748 pertineret.
698 2666 789 2744 Nam,
810 2686 879 2727 cum
901 2667 1022 2727 omnino
1039 2666 1073 2726 in
1090 2665 1198 2730 stadiis
1210 2664 1333 2744 nostris,

240 2768 365 2829 Graecia
382 2770 449 2829 dico
457 2812 468 2847 ‚
489 2790 551 2831 non
565 2770 605 2830 sit
616 2769 746 2831 maxima
758 2768 845 2849 copia
859 2789 964 2831 eorum
976 2768 1045 2849 qui,
1065 2767 1116 2829 via
1127 2768 1198 2827 trita
1214 2766 1332 2841 relicte,

100 2881 131 2933 P.
149 2884 225 2936 xvm
241 2870 398 2932 interiores
409 2882 581 2933 scrutentur
596 2893 630 2933 ac
644 2871 816 2933 reconditas
829 2870 964 2948 litteras,
983 2880 1050 2931 tum
1063 2890 1137 2930 vero
1149 2890 1188 2929 ex
1201 2868 1239 2928 iia
1256 2867 1334 2948 ipsis

239 2974 385 3053 exquisite
403 2974 501 3035 doctis
515 2986 622 3055 quotus
643 2976 770 3055 quisque
785 2986 847 3050 eet,
869 2972 922 3054 qui
935 2972 1093 3033 lectionem
1105 2970 1259 3053 scriptoria
1271 2972 1334 3051 By.

238 3077 351 3136 amitini
368 3077 405 3136 ad
418 3078 604 3138 subtiliorem
618 3078 817 3157 cognitionem
828 3076 946 3155 linguae
959 3075 1117 3155 quicquam
1126 3074 1262 3133 conferre
1274 3094 1334 3153 pu·
1348 3072 1352 3079 ’

239 3178 306 3238 tetl
333 3178 475 3240 Historici
492 3190 596 3239 autem
615 3178 750 3243 homines
763 3198 858 3260 paene
871 3198 973 3237 ornnes
988 3176 1038 3238 vel
1053 3175 1092 3236 ad
1105 3186 1239 3237 veterum
1258 3174 1333 3234 illo-

237 3300 306 3341 rum
326 3300 447 3361 prorsus
468 3282 659 3362 antiquorum
678 3280 812 3343 divinam
828 3279 1016 3357 memoriam,
1043 3278 1093 3340 vel
1112 3278 1211 3339 adres
1226 3287 1333 3339 noatm

237 3392 416 3464 patrumque
439 3384 580 3443 memoria
603 3392 654 3443 aut
668 3385 808 3446 subtilius
827 3394 857 3445 et
873 3382 1087 3464 temperantius
1107 3391 1160 3441 aut
1174 3378 1333 3462 splendida

238 3506 273 3545 ac
288 3486 465 3547 mirabiliter
480 3495 590 3564 gestas,
611 3486 662 3547 vel
679 3495 758 3547 certe
774 3486 812 3546 ad
829 3486 957 3566 origines
971 3486 1155 3569 populorum
1172 3482 1264 3543 hodie
1279 3480 1331 3540 vi-

238 3589 370 3667 gentimn
390 3587 583 3650 illustrandae
592 3630 601 3665 ,
634 3606 705 3647 cura
735 3586 818 3646 omni
844 3588 1003 3667 studioque
1027 3587 1202 3667 rapiuntur:
1230 3584 1331 3665 pauci,

237 3688 320 3768 iique
335 3690 392 3772 ipsi
407 3688 533 3751 invitius
547 3698 598 3749 aut
618 3688 820 3765 fastidiosius,
842 3690 963 3755 annales
979 3688 1139 3749 excutiunt
1150 3687 1331 3747 senectutis

237 3789 357 3871 imperii
385 3810 421 3851 ac
441 3794 563 3855 ruituri.
616 3794 809 3873 Quapropter
831 3812 886 3871 per
903 3800 990 3851 notas
1009 3790 1143 3850 obtinere
1164 3787 1265 3861 volui,
1294 3794 1331 3845 ut

238 3892 327 3971 paulo
351 3894 440 3955 latius
461 3916 527 3957 maa
547 3916 637 3976 opera
656 3902 788 3975 pateret,
810 3894 848 3953 ad
869 3912 976 3971 eoaque
989 3892 1063 3951 item
1075 3890 1255 3969 pertineret,
1277 3886 1330 3967 qui

239 3994 394 4055 alieniores
413 3996 510 4055 sinte
529 3998 617 4057 rebus
628 3994 819 4074 Byzantinis:
839 3994 964 4072 ideoque
985 3994 1023 4051 de
1038 3990 1254 4069 significatione
1266 4008 1330 4049 vo·-

239 4116 309 4155 cum
323 4094 459 4157 noudum
477 4096 548 4157 satia
562 4098 682 4157 definita
694 4116 838 4177 parmnva
848 4094 1000 4156 intellecta
1011 4093 1133 4154 werina
1144 4092 1254 4172 passim
1264 4089 1330 4148 dia-

239 4198 344 4280 putavi
361 4199 395 4260 in
416 4198 495 4259 nafis
516 4208 546 4259 et
559 4198 666 4261 lucius.
699 4198 767 4273 Qua
779 4198 860 4258 inre
878 4197 995 4279 saepius
1010 4198 1194 4279 scriptorum
1209 4192 1330 4255 Attico-
