2959 4850
476 311 613 386 INDEX
632 313 893 384 Rumonem
1154 298 1232 377 525

140 475 267 538 'laram
281 473 394 556 Assyrii
405 473 509 536 Oratio
530 475 568 534 ad
588 471 731 548 Graecos,
754 475 833 552 quod
847 473 925 534 nihil
939 493 1044 534 eonnn
1055 473 1231 554 stadiorum,

183 563 289 640 quibus
305 561 409 621 Graeci
422 559 599 638 gloriantur,
621 559 702 639 apud
721 559 804 639 ipsos
819 570 932 636 natum,
953 560 1005 620 sed
1019 559 1118 617 omnia
1133 559 1233 620 abar-

179 647 259 706 haris
283 646 404 706 inventa
419 647 495 706 sint:
517 643 557 704 ad
571 643 682 704 calcem
698 646 728 707 S.
740 645 849 705 lustini
864 645 1010 726 martyris.
1031 646 1127 704 Instat.
1141 644 1230 707 Paria.

181 731 271 796 1615·
290 731 354 792 Fol.

139 833 297 892 Tranassn
309 833 422 894 abbatis
438 832 596 892 centuriae
610 833 647 893 de
664 834 807 896 charitate
824 842 854 894 et
867 832 1057 910 continentia,
1078 834 1111 893 in
1123 833 1233 894 Biblio-

179 917 267 976 theca
287 919 410 978 Patrum
426 919 672 997 graeco-latina,
693 931 766 980 tom.
783 920 819 982 ll.
839 918 974 996 Parisiis,
998 919 1091 985 1624.
1105 920 1170 980 Pol.

137 1021 360 1082 Tnaursrocnrs
380 1021 545 1101 Epistolae,
566 1021 729 1104 interprete
748 1024 850 1084 loaun.
868 1020 1016 1082 Matthaeo
1039 1022 1234 1104 Caryophilo.

179 1107 299 1184 Romae,
322 1111 412 1174 1626.
430 1107 459 1172 4.

136 1209 336 1360 Tnppppnsgrr
362 1209 460 1290 Opera
484 1218 539 1274 etc.
562 1254 570 1271 .
592 1254 601 1270 .
623 1255 631 1270 .
655 1255 662 1270 .
684 1209 756 1271 edit.
777 1210 803 1272 Ι.
829 1210 866 1272 A.
885 1209 1028 1271 Noesselt.
1051 1209 1144 1270 llslae
1163 1211 1234 1272 Su.

138 1395 334 1455 Turononam
353 1395 484 1476 episcopi
507 1395 577 1476 Cyri
597 1396 729 1458 Historia
750 1397 957 1459 ecclesiastica.
983 1395 1130 1458 Henricus
1142 1397 1234 1458 Vale-

181 1480 240 1540 sius
254 1499 358 1558 graeca
372 1482 555 1554 emendavit,
576 1481 669 1543 latine
685 1482 778 1544 vertit
792 1491 823 1544 et
840 1482 1081 1543 annotationibus
1101 1483 1234 1544 illustra·

179 1565 235 1626 vit.
256 1563 389 1644 Parisiis,
412 1568 505 1632 1673.
527 1566 591 1626 Fol.

137 1668 296 1727 Tnaononr
320 1662 472 1727 Abucaraa
495 1667 662 1749 Opnscula,
685 1669 723 1730 ad
747 1671 860 1730 calcem
883 1669 998 1746 Hodegi
1019 1668 1166 1731 Anastasii
1185 1669 1236 1730 si-

179 1756 279 1812 naitaa
292 1750 370 1811 edita
388 1751 424 1810 ab
438 1753 546 1813 Iacobo
563 1755 710 1816 Gretsero.
732 1755 923 1834 Ingolstadii‚
947 1759 1037 1820 1606
1058 1755 1088 1820 4·

138 1853 321 1914 Turononua
337 1851 454 1912 Studita
468 1853 532 1912 lle
522 1856 695 1918 inventione
709 1857 816 1936 capitis
829 1860 858 1916 S.
873 1855 993 1916 loannis
1006 1856 1161 1916 Prodromi
1167 1900 1177 1931 ,
1200 1859 1236 1917 in

182 1940 265 1997 ealce
286 1937 359 1995 libri
375 1940 581 2020 Ducanga'arai
603 1941 705 2000 Traite
725 1940 892 2020 historique
906 1943 948 2002 du
965 1941 1036 2002 chef
1053 1941 1089 2000 de
1104 1945 1133 2000 S.
1147 1943 1237 2000 Jean-

181 2023 325 2104 Baptista,
347 2031 387 2097 et,
407 2044 463 2104 par
480 2025 635 2104 occasion,
656 2025 707 2087 dea
723 2036 821 2087 autres
834 2027 964 2107 reliques
978 2026 1021 2086 du
1033 2027 1128 2086 meme
1141 2025 1237 2088 saint.

182 2108 279 2184 Paris,
302 2107 393 2172 1665.
407 2109 438 2175 4.

140 2209 295 2272 Turonorr
310 2209 447 2290 Epitome
462 2208 678 2273 adhortationis
692 2212 865 2292 orientalis,
882 2213 920 2276 ad
934 2213 1044 2275 calcem
1058 2215 1089 2274 S
1103 2213 1236 2274 Clemen-

181 2297 221 2356 tis
244 2294 441 2357 Alexandrini
462 2294 634 2359 odierna.
654 2299 829 2366 1641.F01.
1242 2290 1247 2302 ’

144 2393 188 2463 Tol
208 2399 559 2461 ΘΕΟΛΟῙΌΤΜΕΝΑ
581 2401 637 2480 τῆς
656 2393 876 2484 dardanensis,
897 2399 978 2463 edita
991 2401 1128 2481 Parisiis,
1155 2401 1239 2487 apud

182 2482 382 2543 Christianum
395 2480 699 2561 Wechelum,1543
716 2487 746 2555 4.

138 2587 330 2647 'l'nsormnrs
352 2584 501 2662 Ceramci,
531 2529 750 2668 archiepiscopi
768 2589 1025 2663 Tauromenitani,
1049 2588 1237 2650 Homiliain

181 2670 342 2750 Evangelia
357 2669 548 2729 dominicalia
563 2679 593 2729 et
605 2672 679 2731 festa
694 2674 789 2734 totius
803 2676 871 2734 anni
873 2696 999 2755 ,graece
1012 2684 1042 2734 et
1052 2674 1154 2752 latine,
1167 2683 1236 2735 stu·

183 2755 399 2817 diolirancisci
419 2755 528 2815 Scorsi.
556 2756 689 2817 Lutetiae
704 2758 902 2837 Parisiorum,
925 2761 1017 2827 1644.
1031 2759 1096 2819 Fol.

141 2860 332 2920 Trmorums
354 2856 577 2939 archiepiscopi·
585 2857 707 2919 Nicaeni
720 2860 820 2941 Opera
833 2862 947 2939 omnia,
967 2861 1131 2942 interprete
1149 2860 1237 2921 eon-²

184 2946 266 3006 salvo
280 2946 380 3005 Pence
400 2941 436 3001 de
449 2942 539 3005 Leon.
560 2943 681 3023 Itomae,
707 2948 798 3015 1590.
814 2951 847 3013 8.

141 3045 305 3106 Tuncrum
332 3044 520 3125 patriarchae
541 3042 722 3106 Antiocheni
746 3048 857 3107 Contra
877 3044 1062 3107 Christianae
1084 3045 1237 3126 religionis

184 3130 411 3191 calumniatores
436 3128 475 3188 ad
489 3129 672 3209 Autolycum
692 3131 765 3193 libri
788 3140 849 3193 tres
855 3176 865 3210 ,
887 3131 926 3192 ad
944 3132 1055 3193 calcem
1081 3133 1111 3193 S.
1125 3131 1237 3195 lustini

183 3216 332 3295 martyris.
346 3216 445 3274 Lutet.
457 3214 550 3274 Paris.
568 3214 661 3282 1615.
675 3216 740 3278 Fol.

140 3318 375 3471 Tuppppnalsrps
399 3319 442 3378 De
462 3316 589 3379 historia
605 3317 794 3399 plantarum,
814 3319 885 3383 edit.
899 3319 1008 3401 Stapel.
1024 3316 1237 3387 Amstclodam.

268 3448 275 3465 .
318 3424 358 3464 o.

140 3504 376 3567 Tusornmcrr
403 3504 620 3589 archiepiscopi
648 3506 804 3587 Bulgariae
824 3506 993 3588 Epistolaa,
1023 3504 1095 3565 edit.
1115 3504 1239 3568 loannis

182 3590 314 3663 Meursii,
335 3591 368 3649 in
384 3591 461 3674 Opp.
477 3592 579 3653 loann.
592 3592 714 3653 Meursii
728 3613 768 3654 cx
781 3590 955 3654 recensione
968 3591 1071 3651 loann.
1084 3590 1168 3651 Lami
1174 3592 1238 3653 vol.

182 3672 260 3737 Vlll.
278 3676 460 3754 Florentiae,
484 3678 575 3744 1746.
589 3678 655 3741 Fal.

141 3776 310 3837 Turonum
341 3776 513 3839 Orthodoxi
543 3777 713 3858 Disputatio
743 3796 814 3837 cum
839 3774 995 3837 Catholico
1017 3774 1238 3858 Armeniam,

184 3863 264 3921 edita
278 3882 346 3921 oum
355 3863 450 3923 latrna
461 3884 599 3925 vernone
614 3865 657 3928 lo.
670 3862 852 3924 Leunclavii.
869 3863 958 3927 Basil.
976 3862 1070 3928 1578
1081 3866 1111 3929 8

140 3962 308 4042 Tmarurr,
329 3964 496 4045 presbyteri
508 3962 779 4049 Hierosolymitani,
800 3964 844 4023 De
857 3963 994 4023 Simeone
1008 3963 1237 4044 prophetaora-
1253 3965 1286 4025 Ρ
1302 3966 1356 4026 280

183 4047 243 4123 tio,
264 4050 298 4107 in
323 4049 507 4111 Bibliotheca
526 4051 649 4113 Petrum
668 4070 809 4131 graeco-
790 4049 932 4123 -latina,
952 4057 1024 4111 tom.
1045 4048 1084 4110 Il.
1103 4050 1234 4129 Parisiis,

338 4134 359 4193 l.

74 4294 77 4301 ,
139 4132 479 4310 r1h52dodiorum
432 4234 564 4319 episcopi
572 4280 582 4317 ,
596 4236 775 4320 Expositis
764 4256 798 4297 ιιι
809 4218 993 4317 evangelium
1007 4235 1146 4313 Lucae,
1136 4257 1170 4296 m
1184 4237 1234 4298 Bi·
