2959 4850
245 269 303 317 ΚΝ
678 259 716 332 C·
737 258 774 325 B.
794 257 915 329 Hosti

247 417 463 499 cognitionem,
491 418 712 499 editionumque
733 416 890 500 utriusqus
905 419 1071 484 adornasse.
1114 397 1198 497 Q'utn
1217 419 1284 503 ipss
1303 421 1349 487 tic

246 519 336 581 habet
349 522 430 582 notia
445 521 614 586 adhuctsr.
631 522 744 586 noviss.
755 523 897 587 Biblioth.
906 525 1048 589 Graecor.
1063 525 1141 586 Patr.
1150 523 1242 586 Paris.
1254 529 1350 590 1672.

245 644 276 704 p-
291 623 363 690 545·
377 623 554 686 subhorride
563 624 611 708 (ut
623 626 802 708 plerumque
812 626 963 687 incomtus
976 637 1019 688 est
1030 627 1063 688 in
1072 613 1206 688 oratione
1216 623 1349 706 Latina):

151 730 182 784 P.
198 733 231 786 tv
248 725 355 786 I'lzotii
375 725 499 785 technas
515 730 676 810 nidosque
697 741 779 788 artes
798 750 868 788 cerm
887 731 948 788 ulii
965 733 1122 810 prosecuti
1141 739 1213 787 aunt
1236 728 1350 786 Graeci

246 829 406 908 aequales,
436 842 492 889 aut
504 853 621 911 parurn
641 853 808 912 suppares,
836 843 903 890 tum
921 853 1006 891 nocua
1024 831 1197 912 Logotlreta
1219 829 1283 910 [hic
1300 837 1349 890 sot

243 931 364 992 Simeon
379 937 517 1012 magister
534 944 563 994 et
578 932 757 1014 Logothets,
778 933 817 994 de
835 954 894 1013 quo
908 934 1022 995 Herios.
1043 935 1106 995 Vli-
1124 933 1199 1000 471.
1225 933 1289 1014 G.],
1317 935 1349 991 si

243 1034 384 1118 quando,
402 1057 481 1116 pace
494 1039 592 1096 lenius
607 1041 777 1118 aspirante,
800 1056 838 1095 oc
853 1034 1116 1096 christianissimo
1131 1039 1215 1118 Rege
1232 1057 1349 1116 semper

242 1140 370 1216 victore,
392 1139 494 1217 Regia
515 1142 665 1220 Lapara,
687 1131 1047 1218 historiueByzaniinae
1063 1159 1161 1219 paene
1179 1139 1347 1198 mutatorio

242 1241 463 1319 supplemento,
486 1263 554 1302 cum
576 1245 675 1333 Lepus
696 1244 840 1304 Diacono
863 1251 892 1300 et
911 1241 1062 1301 Michatile
1082 1241 1198 1317 Psello,
1226 1242 1348 1319 regium

242 1363 310 1400 uere
324 1343 491 1424 multiplici
505 1347 595 1406 titulo
606 1355 831 1426 argumentum,
847 1346 925 1402 iuris
933 1345 1055 1425 publici
1069 1345 1156 1425 regia
1169 1341 1349 1420 nrunisccen-

243 1446 291 1502 tia
307 1447 432 1523 faciat:
462 1469 498 1506 ne
522 1449 585 1508 sibi
604 1471 661 1529 per
679 1469 783 1506 moras
803 1451 966 1525 Batavus,
995 1457 1144 1526 arrigens
1163 1445 1249 1522 alia,
1278 1462 1348 1501 eam

240 1547 377 1626 gloriam
388 1552 504 1629 rapiat.
546 1551 605 1611 Sed
617 1573 643 1611 a.
661 1557 754 1618 1679.
768 1572 785 1610 s
798 1551 860 1612 vita
874 1549 1011 1610 discessit
1023 1540 1226 1625 combefisius,
1248 1546 1348 1625 deque

244 1649 360 1710 duobus
376 1652 466 1712 tontis
482 1651 616 1715 Auctarii
631 1653 807 1736 Byzantini,
828 1673 903 1732 quoa
918 1651 1050 1712 edendos
1065 1649 1121 1710 eibi
1137 1655 1348 1730 proposuerat,

245 1771 283 1811 ne
297 1753 426 1832 priorem
449 1757 569 1835 quidem
593 1756 694 1838 potuit
712 1756 877 1834 divulgare.
920 1755 950 1815 Is
973 1746 1074 1831 enim,
1095 1750 1256 1830 scriptores
1273 1756 1347 1829 post

245 1853 456 1936 Theophanem
472 1858 647 1936 continens,
669 1858 899 1918 Constantinum
914 1857 1205 1938 Porphyrogeuetam
1223 1852 1291 1912 dico
1306 1851 1348 1912 da

243 1959 307 2020 vita
315 1961 428 2038 Basilii,
441 1960 686 2022 continuatorem
697 1981 880 2042 anonymum
887 1959 1086 2041 Theophanis,
1095 1957 1236 2016 Ioannem
1243 1955 1349 2014 Came·

243 2061 365 2138 nietam,
388 2063 550 2140 Georgium
563 2063 753 2142 monachum,
775 2062 865 2140 alios,
887 2081 950 2122 non
962 2061 1020 2121 nisi
1035 2059 1178 2120 sexennio
1191 2066 1271 2139 post,
1293 2075 1348 2116 cu·
1475 2096 1476 2117 t

242 2173 333 2224 ronta
344 2164 514 2224 Sebastiano
529 2165 823 2246 Mabre·Cramoisy,
845 2184 883 2224 ex
895 2161 1094 2245 typographia
1107 2161 1197 2240 Regia
1209 2181 1235 2224 a.
1252 2159 1347 2226 1685.

241 2266 274 2324 in
296 2267 395 2326 lucem
415 2267 552 2348 prolatus
572 2277 625 2328 est.
674 2269 776 2329 Editio
796 2267 936 2342 alterius,
966 2267 1093 2324 Leonem
1108 2262 1348 2338 Michatilemque

241 2369 372 2431 Pselium
390 2369 594 2451 complexuri,
615 2391 712 2452 prope
731 2371 854 2448 triginta
868 2367 953 2427 annis
969 2375 1040 2447 post
1059 2366 1214 2425 commissa
1232 2361 1349 2426 ototi.

242 2470 340 2530 chatti
366 2474 407 2531 Le
437 2474 552 2549 Quian,
588 2492 626 2532 ex
653 2470 772 2531 schedis
803 2469 1023 2529 combefisianis
1054 2468 1246 2528 adornando:
1279 2466 1346 2531 vid.

240 2570 369 2633 Echsrd.
386 2574 547 2655 Scriptorr.
560 2574 678 2633 ordinis
692 2570 892 2632 Praedicator.
905 2572 941 2633 Π.
955 2571 1029 2638 684.
1045 2571 1077 2629 (i
1087 2572 1150 2631 Nec
1170 2568 1301 2649 segniter
1315 2568 1344 2629 is

241 2694 273 2734 se
289 2674 327 2733 ad
343 2674 419 2756 op‘tts
437 2677 579 2753 admovit,
601 2676 643 2735 ita
657 2686 692 2736 ut
702 2678 759 2736 Leo
774 2676 807 2735 in
821 2673 1021 2756 typographia
1030 2673 1118 2752 Regia
1131 2672 1268 2733 ior-mulis
1283 2670 1346 2731 ism
1475 2661 1476 2706 ἦ

240 2786 363 2858 coeptus
388 2780 428 2838 sit
449 2779 592 2855 describi,
614 2778 738 2860 ipseque
752 2781 792 2839 Le
806 2778 905 2853 Quian
925 2777 970 2837 sic
990 2774 1099 2835 habeat
1112 2775 1229 2837 Orient.
1252 2772 1346 2833 Chri·
1437 2782 1443 2799 ¹

239 2878 327 2938 stiun.
349 2879 373 2938 Ι.
398 2882 471 2947 255.
490 2884 530 2943 D:
554 2884 640 2962 Quae
655 2886 718 2941 Lao
734 2885 898 2941 Diaconus
917 2880 1008 2957 refert
1022 2881 1057 2936 in
1070 2880 1233 2953 Historia,
1252 2877 1346 2935 ouius

234 3002 314 3061 pars
329 2984 416 3062 typis.
425 2984 534 3064 Regiis
550 2989 616 3043 ium
635 2982 719 3044 edito
736 2996 788 3045 eet.
829 2984 948 3045 Atesim
966 2981 1130 3043 intervenit
1150 2976 1345 3061 impressioni

238 3084 448 3163 ingravescens
466 3086 595 3165 bellum,
625 3088 765 3168 quotide
787 3086 999 3168 Hispaniarum
1016 3084 1204 3144 successione
1225 3090 1344 3160 gestum

239 3196 300 3264 est,
323 3189 563 3269 comitiumque,
584 3200 619 3249 ut
638 3189 743 3250 scribit
757 3189 913 3250 Echardus
935 3189 994 3250 loc.
1009 3186 1077 3263 cit,
1099 3182 1185 3265 quod
1193 3182 1346 3245 mucela·

238 3292 285 3349 Le
309 3292 405 3369 Quian
435 3294 629 3349 commissum
653 3303 720 3349 erat
742 3290 959 3372 exequendm
988 3294 1111 3368 iamque
1133 3290 1214 3367 typis
1232 3288 1346 3366 Regiis

239 3395 409 3471 inceptura,
432 3392 508 3451 bello
521 3402 588 3449 tum
606 3396 753 3453 atrociori
770 3395 884 3474 ubique
892 3396 1055 3475 siogrante
1075 3396 1280 3469 interruptum
1299 3397 1346 3447 eet

238 3514 278 3553 ac
293 3496 464 3573 prolatum.
507 3496 584 3573 Ergo
602 3516 697 3575 nsque
715 3495 884 3556 Comhefisii
903 3516 994 3578 opera
1013 3512 1112 3574 neque
1127 3488 1293 3571 Lequienii,
1314 3508 1343 3551 s.

239 3600 331 3663 1733.
345 3598 407 3657 vita
421 3596 534 3675 iuncti,
555 3599 646 3661 Leoni
661 3597 763 3679 potuit
772 3598 924 3681 prodesse.
966 3599 1006 3658 Et
1016 3594 1118 3657 mirari
1128 3594 1210 3668 licet,
1230 3590 1344 3671 plagu-

235 3698 280 3759 las
294 3700 362 3759 illas
378 3708 454 3761 tunc
467 3700 624 3781 impressas
639 3700 805 3779 interiisse,
826 3720 922 3782 prope
935 3698 1032 3759 &mm
1041 3743 1050 3776 ,
1071 3698 1104 3757 in
1117 3693 1262 3771 nihilum,
1283 3710 1343 3751 ne-

235 3822 293 3881 que
310 3822 436 3882 usquam
451 3802 511 3861 iam
527 3819 710 3882 comparere.
752 3804 816 3884 Ego
830 3812 910 3865 certa
925 3810 1076 3863 scrutatus
1095 3815 1162 3858 sum
1185 3816 1260 3875 quas
1280 3814 1342 3875 po-

233 3904 297 3982 tui,
319 3912 351 3964 et
364 3903 547 3985 perquisivi,
570 3914 766 3985 percontatus
780 3926 902 3988 quoque
915 3913 1032 3983 agentes
1045 3898 1262 3983 typographiae
1278 3897 1341 3955 lta-

233 4008 313 4089 giae‚
335 4006 420 4079 viros
435 4026 498 4067 non
513 4006 613 4067 solum
631 4008 828 4088 peritissimos
848 4006 924 4071 ertia
940 4015 1026 4081 suae,
1047 4023 1153 4065 varum
1176 3998 1339 4061 historicos

233 4127 369 4190 quoque,
397 4120 719 4191 monumentorumque
740 4112 880 4174 officinae
898 4110 1036 4193 ipsorum
1057 4102 1264 4187 percurioooat
1284 4118 1340 4159 re·

231 4212 343 4293 ltqoiu
358 4210 498 4275 miton·
512 4212 595 4273 suo
615 4212 753 4299 nespas
774 4216 876 4278 nun
895 4208 1150 4297 pumannum
1192 4202 1341 4287 Quotv-

1142 4504 1153 4539 i
