2959 4850
417 312 479 385 m
495 300 783 387 memnonem
800 314 1007 410 enocsn·
1050 369 1057 377 .
1173 308 1248 391 uec

159 486 193 539 to
211 474 321 537 sciunt.
343 472 451 554 gaudee
471 464 501 533 e't
519 473 699 535 silicernium
722 494 756 535 es
777 472 833 535 uin
854 476 967 559 opteri,
988 492 1064 556 ques
1079 494 1137 537 noc
1154 476 1248 541 Deum

160 582 274 657 seuere,
295 586 353 639 neo
364 564 480 662 tibin)
494 566 651 658 prodesse,
671 576 722 636 sed
736 577 837 641 obesse
842 580 856 660 ,'
874 579 962 641 etism
976 580 1135 658 sifsoeret,
1151 581 1248 645 novit

162 682 252 757 Quod
266 699 374 761 quoeso
387 661 588 761 Nicephorum
598 678 726 758 gaudere
740 681 823 761 pacis
834 702 850 743 .·
858 725 959 748 .....
981 681 1084 758 illum,
1108 690 1139 741 et
1153 680 1249 763 phos·

80 844 85 853 ,
160 783 292 865 phorum
308 782 485 843 clamabunt.
526 782 733 862 impotentem,
758 783 893 865 virilem3
914 784 1048 861 stultum,
1069 782 1247 864 supientem3

161 888 299 962 brevem,
326 904 485 963 megnum3
513 885 651 964 nigrum,
679 884 792 963 eibum,
820 894 1023 967 peocstorem,
1044 892 1179 945 sunctum
1198 884 1250 945 ‹li-

94 1022 130 1072 l
161 1008 243 1066 cere,
265 986 339 1047 milri
355 986 485 1061 credite,
506 1002 568 1046 non
584 988 666 1065 leus,
688 988 740 1049 ssd
756 990 934 1049 contumelio
947 998 999 1049 est
1040 988 1080 1053 Et
1093 988 1145 1069 qui
1155 988 1249 1050 eliens

161 1090 254 1169 magis
274 1088 383 1168 gaudet
403 1088 459 1147 sibi
478 1088 653 1161 scclsmsri,
675 1106 764 1168 quum
783 1092 922 1173 propris,
944 1090 1047 1152 ovibus
1065 1091 1187 1153 omuino
1201 1100 1276 1164 secu

162 1190 282 1268 similis,
304 1210 428 1270 quonum
446 1189 590 1249 intuitmu
607 1210 670 1251 nox
692 1192 859 1271 illuminat,
887 1192 950 1254 dies
969 1202 1081 1256 coeost.
1123 1194 1182 1255 ssd
1197 1214 1252 1256 re·

163 1294 284 1355 dromus
299 1293 421 1354 sdrem.
465 1291 528 1353 Huc
544 1292 577 1351 in
597 1312 704 1371 coens,
732 1294 813 1373 quod
832 1294 917 1377 prius
938 1315 1001 1354 non
1020 1296 1146 1373 feceret,
1174 1314 1251 1357 voce

162 1392 307 1480 retinen)
316 1394 395 1455 Beati
403 1394 520 1453 Iosnnis
528 1392 732 1474 chrysostomi
741 1396 1153 1478 humilieminlpostolorum
1160 1396 1251 1460 tori-

161 1498 219 1557 bus
240 1497 336 1575 legere
352 1494 446 1557 iussit.
489 1495 561 1555 Post
583 1496 667 1557 cuius
687 1497 825 1559 lectionis
846 1500 1025 1577 terminum,
1047 1520 1117 1561 cum
1134 1500 1173 1561 sd
1195 1520 1252 1564 vos

161 1598 310 1661 redecmdi
330 1596 483 1658 licentiam
506 1618 694 1679 quaererem,
719 1601 817 1680 cupite
837 1620 868 1661 se
882 1601 926 1661 its
948 1602 1097 1662 iacturum
1111 1601 1252 1682 innusns,

136 1726 143 1741 ·
162 1701 258 1782 recipi
272 1720 319 1760 me
332 1701 369 1759 cd
385 1702 523 1761 concives
545 1710 575 1759 et
594 1700 810 1763 cohsbitstorcs
827 1722 908 1765 meos
929 1702 1047 1780 leones,
1068 1704 1253 1785 persecutori

161 1820 228 1863 meo
248 1802 368 1869 indixit
413 1802 501 1877 Quod
518 1824 586 1863 cum
605 1802 707 1881 fieret,
728 1824 792 1864 non
805 1824 872 1865 sum
884 1802 929 1863 sb‘
941 1824 977 1865 eo
998 1805 1082 1867 visus
1101 1818 1196 1887 mque
1217 1805 1253 1866 in

163 1905 285 1966 tertium
299 1904 447 1965 decimum
461 1907 584 1969 Kalend.
601 1904 741 1985 Augusti3
767 1906 819 1967 sed
835 1905 992 1985 diligenter
1010 1907 1191 1986 custoditus,
1212 1926 1253 1971 ne

164 2007 329 2088 cuiuspiam
351 2008 465 2071 fruerer
485 2028 634 2086 sermone,
655 2008 707 2086 qui
728 2028 795 2067 suos
811 2007 886 2069 mihi
902 2018 987 2070 sotus
1001 2008 1157 2069 indiosret.
1197 2008 1253 2070 In-

162 2118 243 2169 teree
262 2110 464 2171 Grimisonem
481 2110 631 2172 Adelberti
645 2110 792 2170 nuncium
808 2130 840 2171 se
856 2110 938 2172 odire
951 2110 1056 2186 iussit,
1077 2128 1165 2190 quem
1184 2128 1253 2169 cum

163 2212 262 2272 nsvsli
276 2232 330 2272 sno
350 2213 487 2274 exercitu
498 2212 596 2273 redire
612 2212 770 2294 proecepit.
810 2211 946 2273 fuerunt
969 2212 1123 2273 chelsndis
1142 2208 1281 2290 vigentia

165 2324 310 2395 quatuor,
331 2316 495 2376 Russorum
512 2334 603 2377 neves
617 2314 710 2392 duee,
733 2312 864 2374 Gallicae
886 2315 978 2375 duser
999 2314 1026 2374 si
1043 2314 1115 2394 plus
1127 2310 1250 2391 miserit,

164 2439 238 2500 quus
253 2439 317 2478 non
331 2416 468 2496 viderim,
489 2416 599 2478 nescio.
641 2416 835 2491 vestrorum,
854 2416 976 2478 Domini
989 2415 1046 2478 mei
1058 2415 1253 2497 Imperatores

164 2524 308 2603 Augusti,
329 2523 459 2583 militum
482 2519 629 2580 fortitudo
653 2538 716 2578 non
741 2527 822 2597 eget,
846 2527 882 2578 ut
901 2518 1136 2581 sdversariorum
1153 2517 1256 2598 impo-

163 2626 256 2686 tentia
271 2626 428 2686 snimetur.
471 2621 560 2696 Quod
572 2621 606 2680 in
618 2619 666 2680 his
676 2639 763 2700 ssepe
777 2629 933 2701 expertum
949 2629 994 2681 est
1008 2617 1160 2700 gentibue,
1181 2636 1255 2697 qus·

163 2745 232 2788 rom
247 2727 335 2787 etism
346 2725 457 2802 ultimi,
481 2733 510 2785 et
524 2733 708 2784 coeterorum
719 2721 949 2802 comperstione,
970 2721 1148 2802 impotentes
1161 2720 1255 2780 Grue-

165 2845 232 2888 ccm
254 2827 460 2888 fortitudinem
476 2833 661 2902 straverunt,
682 2822 872 2885 tributarium
887 2823 1032 2883 iecerunt.
1074 2823 1159 2882 Sicut
1175 2821 1256 2882 enim

164 2949 221 2991 vos
249 2949 311 2989 non
333 2939 492 3006 terrerem,
520 2929 546 2987 si
565 2926 744 2988 fortissimos
760 2925 831 2985 illos
855 2933 886 2985 st
903 2923 1075 2984 Alexandro
1100 2921 1255 2986 lisocdoni
1271 2923 1363 2983 &ott

165 3029 277 3091 similes
289 3031 509 3112 prsedicsrem3
529 3029 573 3090 sio
585 3037 615 3090 et
627 3047 681 3090 vos
692 3027 820 3106 instigo,
841 3045 911 3086 oum
922 3025 1129 3108 impotentium
1139 3037 1255 3103 eoum,

165 3147 242 3212 quse
263 3143 419 3212 versem,
447 3153 546 3193 nsrro.
577 3155 579 3162 ·
599 3129 674 3190 Mihi
695 3127 822 3188 credetis
840 3127 950 3200 velim,
979 3137 1010 3188 et
1037 3127 1162 3188 credetis
1183 3124 1256 3203 scio,

166 3251 285 3293 omnem
291 3237 389 3313 ipsum
399 3233 574 3310 exercitum,
591 3229 814 3313 quadringentis
820 3227 869 3305 ¹⁴)
880 3229 996 3307 vestris,
1014 3230 1040 3289 si
1053 3231 1131 3290 iosss
1139 3228 1259 3290 murive

165 3355 228 3396 non
242 3336 417 3418 impediunt,
434 3357 520 3418 posse
528 3335 663 3396 occidere
670 3333 725 3408 Ἠ),
745 3333 794 3392 cui
811 3332 964 3410 exercitui,
978 3340 1110 3412 utputo,
1127 3330 1166 3390 sd
1181 3349 1257 3388 con·

73 3456 77 3470 *
166 3441 319 3499 tumeliam
330 3449 470 3518 vestrum,
483 3435 811 3516 hominemqusmdem,
824 3434 1041 3515 sedqusmdum
1051 3453 1086 3492 eo
1096 3429 1172 3507 dixi,
1186 3429 1256 3511 quis

166 3559 229 3599 mss
245 3561 307 3600 esse
322 3541 425 3620 desiit,
446 3541 554 3602 mulier
567 3539 632 3599 fieri
644 3538 760 3618 nequit,
781 3534 962 3620 praeposuit
994 3533 1172 3595 Adslbertus
1186 3539 1256 3592 octo

167 3641 262 3702 millis
284 3643 478 3704 loricstorom
498 3663 531 3703 ss
550 3639 659 3701 hebere
678 3638 847 3720 Nicephoro
867 3635 1033 3712 mundavit,
1053 3633 1159 3714 quibus
1188 3651 1257 3692 uum

165 3741 278 3821 Argivo
297 3741 526 3804 adminiculante
551 3741 687 3803 exercito
705 3759 761 3802 ros
788 3741 906 3818 fogere,
935 3746 988 3796 sut
1013 3745 1143 3796 sternere
1164 3731 1256 3812 dioit5

153 3843 342 3923 ·rogsvitqus
356 3846 504 3906 aemulum
516 3853 647 3908 vestrum
667 3852 703 3903 ut
715 3843 843 3924 pecunie
856 3839 904 3899 illi
919 3838 1106 3914 mitteretur,
1126 3833 1197 3917 quis
1213 3831 1257 3892 il-

166 3945 213 4004 los
230 3943 348 4006 ovidius
363 3948 402 4008 sd
415 3967 545 4030 pugnum
559 3946 722 4025 instigsrst.
765 3942 823 4004 Sed
834 3961 932 4023 nuno,
947 3937 1063 4003 domini
1075 3935 1150 4016 mei,
1171 3933 1286 3997 soci-B

200 4128 250 4196 22)
275 4128 348 4184 Fort.
370 4133 428 4186 οἱδὶ.
454 4132 535 4186 Mor.
614 4127 924 4199 2³)Alisseoscctotus,
947 4143 982 4181 sx
1003 4142 1054 4195 quc
1078 4139 1108 4177 co
1136 4121 1144 4138 ⁶
1197 4095 1264 4170 oses

235 4199 411 4327 wfflssrp·
479 4197 528 4272 24)
544 4197 617 4282 Fort-
633 4198 866 4270 areomarensi·
880 4197 982 4253 uestris.
998 4196 1080 4250 Mur.
1215 4203 1259 4240 oc-
