2959 4850
457 272 518 338 AD
539 268 826 339 NICEPHORUM
845 270 1039 339 PHOCAM.
1095 317 1098 330 ι
1200 259 1275 338 359

179 429 256 507 lati,
278 425 325 503 ²⁹)
347 428 465 505 criniti,
486 429 574 489 talari
592 428 696 489 tunica
718 428 818 489 induti
836 447 928 510 panea
946 448 1003 488 nos
1021 427 1173 509 equitant,
1194 430 1277 493 ince-

180 532 275 608 dunt,
296 551 413 591 mensae
425 532 565 610 assident,
588 541 626 607 et,
648 532 730 611 quod
743 532 853 591 nostris
869 530 1007 591 omnibus
1021 530 1111 591 nimis
1126 542 1214 613 turpe
1228 532 1276 593 vi·

179 633 285 710 detur,
304 633 365 713 ipsi
385 634 443 693 soli
460 634 556 715 capite
576 644 682 717 operto
697 635 894 716 Imperatores
919 641 1037 713 nostros
1055 632 1275 696 deosculantur.

180 735 271 810 Quod
284 754 347 795 non
363 736 490 816 amplius
505 734 571 798 fieri
589 738 666 811 Deus
680 736 849 818 permittat,
871 735 980 796 tacitus
998 734 1072 798 dixi.
1116 735 1306 799 Reverterec

178 856 266 915 orgo,
291 838 408 917 inquit:
430 838 514 919 quod
533 859 601 901 oum
618 842 764 918 laceram,
786 847 952 900 occurrunt
969 835 1045 897 milri
1058 836 1207 897 commisti
1222 858 1274 897 ca-

176 940 272 1020 preis,
302 959 377 1018 quos
405 941 463 1022 ipsi
487 940 611 1020 dicunt,
642 944 754 1022 onagri.
804 941 864 1003 Sed
892 958 999 1019 quaeso
1021 940 1123 1019 quales
1147 938 1274 1019 onagri?

179 1043 282 1121 quales
297 1051 368 1102 sunt
384 1044 544 1102 Cremonae
559 1043 722 1105 domestici.
764 1044 856 1105 Color
866 1042 957 1119 idom,
978 1042 1074 1103 forma
1090 1042 1201 1119 eadem,
1222 1060 1274 1101 aa·

177 1142 232 1204 riti
252 1143 373 1221 itidem,
394 1146 515 1205 vocales
539 1145 676 1206 similiter
697 1166 766 1205 oum
784 1145 893 1206 rudere
913 1144 1081 1225 incipiunt,
1101 1143 1272 1222 magnitudo
1397 1154 1401 1163 '

177 1266 241 1305 non
255 1246 372 1326 dispar,
392 1247 537 1307 velocitas
555 1268 634 1325 una,
655 1248 758 1308 dulces
778 1248 858 1327 lupis
877 1266 970 1327 aeque
977 1269 987 1324 3
1009 1266 1083 1326 quoa
1102 1266 1171 1307 cum
1188 1245 1273 1307 ride.

177 1366 240 1407 rem
248 1392 258 1424 ,
275 1348 458 1429 coequitanti
471 1350 584 1411 Graeco
598 1351 739 1429 inquams
766 1348 936 1411 huiusmodi
947 1368 1109 1428 numquam
1128 1349 1161 1407 in
1175 1350 1272 1407 Saxo-

176 1449 227 1509 nis
240 1450 313 1512 vidi.
357 1451 405 1527 Si,
426 1452 541 1531 inquit,
561 1452 705 1514 Dominus
726 1461 797 1511 tuus
812 1454 922 1513 Sancto
943 1448 1120 1532 Imperatori
1140 1449 1269 1527 morige-

176 1559 261 1612 ratus
277 1552 383 1630 fuant,
405 1555 516 1614 multos
528 1554 575 1613 illi
590 1552 765 1614 huiusmodi
781 1554 880 1633 dabit,
905 1554 1020 1633 eritque
1031 1551 1080 1611 illi
1093 1570 1157 1610 non
1175 1570 1270 1632 parva

177 1654 286 1733 gloria,
314 1675 381 1717 cusu
395 1656 459 1737 ipse
472 1656 654 1738 possidebit,
678 1656 760 1737 quod
776 1675 864 1715 nemo
878 1654 1068 1717 dominomm
1082 1653 1270 1713 decessorum

175 1772 299 1815 suorum
316 1756 404 1817 vidit.
448 1758 506 1817 Sed
524 1757 600 1817 mibi
614 1759 725 1820 credite
740 1756 860 1819 Domini
873 1756 932 1817 mei
944 1754 1088 1834 Augusti,
1118 1756 1269 1815 confrater

169 1846 207 1915 'at
231 1856 432 1939 Cobpisoopus
460 1880 543 1921 mous
570 1859 715 1921 Dominus
738 1859 888 1921 Antonius
907 1867 1007 1939 potest
1029 1876 1093 1917 non
1114 1855 1301 1919 inferioresl)

177 1958 262 2037 dare,
289 1970 324 2019 ut
343 1962 519 2023 commercia
531 1970 694 2041 testantur,
714 1982 788 2043 quae
805 1963 884 2023 fiunt
898 1962 1075 2023 Cremonae:
1103 1966 1191 2038 atque
1209 1957 1271 2038 ipsi

176 2078 240 2120 non
260 2064 381 2142 onagri,
407 2066 460 2125 sed
478 2064 648 2141 domestici3
677 2084 741 2124 non
757 2065 864 2141 raoni,
886 2063 939 2124 sed
955 2061 1069 2122 onerati
1090 2059 1268 2140 procedunt.

177 2160 235 2222 Sed
250 2182 320 2225 cum
341 2186 374 2225 ea
397 2168 536 2248 superius
556 2166 667 2247 scripta
688 2166 780 2227 verba
797 2167 878 2227 idem
897 2162 1067 2243 Nicephoro
1088 2161 1268 2235 nunciasset,

176 2267 355 2327 transmissis
373 2267 448 2327 milri
465 2267 580 2329 duabus
599 2266 731 2347 capreis,
752 2274 790 2325 ut
809 2267 919 2327 abirem
932 2263 1085 2325 licentiam
1100 2258 1192 2320 dedit.
1230 2258 1268 2317 ln

177 2368 342 2429 crastinum
363 2379 462 2430 autem
485 2371 601 2451 Syriam
620 2388 725 2430 versus
743 2370 906 2450 profectus.
947 2364 1006 2426 Sed
1030 2382 1086 2441 cur
1103 2360 1268 2421 exucitum

175 2487 258 2530 nunc
277 2471 310 2531 in
323 2472 459 2552 Assyrios
478 2473 617 2549 duxerit,
639 2491 748 2551 quaeso
768 2469 922 2532 advertito.
969 2465 1089 2528 Habent
1110 2460 1217 2523 Graeci
1237 2469 1270 2522 et

175 2575 315 2634 Saraceni
336 2575 445 2652 libros,
474 2595 549 2655 quos
572 2569 704 2656 ὁράσεις,
733 2575 796 2634 sire
819 2573 950 2634 visiones
979 2566 1110 2628 Danielis
1136 2572 1266 2639 vocant3

177 2697 230 2755 ogo
251 2687 349 2738 autem
366 2677 542 2756 Sibyllinos:
564 2677 596 2736 in
612 2677 718 2756 quibas
734 2677 880 2756 scriptum
900 2671 1063 2754 reperitur,
1085 2674 1160 2748 quot
1181 2663 1267 2724 aunis

177 2780 341 2858 Imperator
359 2781 483 2860 quisquc
502 2780 599 2840 vivas:
622 2799 696 2858 quue
717 2778 777 2838 sint
788 2779 905 2854 futura,
926 2794 961 2834 so
974 2771 1172 2852 imperitante,
1193 2774 1268 2825 tem-

177 2901 271 2962 pors,
299 2901 376 2962 pax,
396 2903 435 2942 an
457 2882 609 2956 simultas,
628 2879 777 2940 secundae
793 2881 1007 2940 Saracenorum
1028 2893 1077 2935 rea
1097 2891 1136 2930 an
1158 2867 1267 2927 πᾶνα*

176 3005 235 3048 aas.
277 2985 397 3066 Legitur
409 2985 529 3062 itaque,
549 2981 640 3041 liuius
651 2980 813 3062 Nicephori
825 2977 1010 3061 temporibus
1023 2971 1162 3061 Assyrios
1175 2969 1296 3028 crae-n

177 3089 222 3149 cis
244 3109 307 3150 non
322 3108 409 3170 posse
420 3088 573 3163 resistere,
594 3081 735 3162 huncque
749 3082 905 3162 septennio
922 3088 1041 3140 tantum
1058 3075 1177 3136 rivere:
1198 3077 1268 3150 post

176 3193 263 3252 ouius
277 3191 391 3252 obitum
408 3189 616 3269 Imperatorem
628 3185 686 3245 isto
702 3183 878 3245 deteriorem
897 3178 964 3268 (aed
977 3182 1067 3240 timeo
1083 3174 1166 3256 quod
1179 3171 1267 3232 inve-

176 3295 237 3355 niri
256 3315 319 3354 non
338 3288 445 3374 possit)
468 3300 498 3350 et
517 3289 608 3368 magis
626 3288 775 3347 imbellem
793 3287 901 3348 debere
921 3300 1057 3361 surgere,
1086 3277 1172 3338 elaios
1185 3283 1268 3333 tem-

177 3395 300 3474 poribus
311 3395 480 3475 praevalere
487 3392 596 3452 debent
610 3389 683 3450 adeo
695 3390 819 3470 Assyrii,
832 3398 867 3448 nt
878 3388 911 3448 iu
922 3380 1149 3445 chalcedoniam
1162 3392 1265 3454 usque,

178 3516 254 3575 quse
273 3497 365 3556 distat
387 3492 644 3572 Constantinopoli
663 3491 746 3551 baud
765 3493 870 3570 longe,
890 3487 1069 3571 potestative
1089 3486 1197 3539 cuncta
1210 3474 1266 3534 ἆθ-

177 3598 270 3657 beant
282 3597 425 3658 obtinere.
468 3595 661 3654 considerant
676 3595 755 3654 enim
769 3594 887 3673 utrique
900 3601 1051 3669 tempora,
1070 3601 1131 3642 una
1146 3577 1265 3638 eadem-

177 3715 240 3780 que
260 3717 294 3758 re
315 3698 422 3758 Gracci
437 3697 558 3757 animati
580 3696 791 3775 insequuntur,
812 3693 951 3754 Saraceni
969 3683 1117 3768 desperati
1137 3699 1201 3740 non
1216 3695 1266 3788 ra:

179 3801 305 3860 sistunt:
333 3809 451 3881 tempus
473 3807 680 3879 expectantes,
709 3819 778 3858 curn
797 3806 828 3856 et
849 3793 909 3874 ipsi
927 3792 1140 3868 insequuntur,
1160 3781 1267 3839 Graeca
1362 3805 1366 3815 ·

86 3883 88 3888 ,
178 3901 286 3964 iterum
298 3921 360 3961 non
369 3903 512 3962 resistunt
519 3897 573 3986 ³⁰).
595 3900 653 3960 Sed
660 3899 841 3980 Hippolytus
850 3895 969 3975 quidum
977 3887 1139 3951 Siciliensis
1147 3882 1268 3965 Episco·
1280 3874 1384 4008 ἕοΐῖὅ

178 4023 237 4084 pus
257 4004 359 4065 eadem
375 4003 514 4086 scripsit,
535 4011 565 4064 et
583 4004 620 4064 de
634 4001 761 4084 Imperio
778 4008 895 4076 vestro,
916 4005 947 4057 et
961 4003 1049 4075 geute
1069 3999 1187 4065 nostra,
1207 4006 1260 4046 uo·
1349 4026 1353 4034 ·
1430 4079 1435 4096 ι

201 4202 252 4272 29)
274 4201 345 4258 Adina
359 4201 475 4272 sipoiuti.
501 4203 580 4256 Gon.
655 4200 705 4270 30)
728 4199 799 4255 suas
814 4198 917 4254 uranu
932 4213 984 4254 sos
999 4193 1131 4250 resistunt.
1155 4187 1231 4243 cus.
