2959 4850
247 311 308 382 DE
328 308 483 381 EXPED.
502 312 590 385 SYR.
610 316 691 385 MC.
712 318 839 387 PHOC.
860 321 920 391 ET
940 322 997 397 10.
1016 324 1136 398 TZIM.
1181 318 1256 395 ddi

163 468 255 532 novis
269 470 411 535 aedificiis
425 483 514 555 utque
528 473 722 537 munimentis
741 478 897 541 instructu.
936 476 1016 543 Dein
1035 484 1174 547 reddunt
1187 487 1257 568 qui-

165 575 235 635 dum
255 574 409 657 paullatim
428 576 467 637 ed
485 578 628 659 pristinos
643 580 744 659 sedec,
764 582 817 641 elii
831 602 957 663 prorsus
973 604 1036 645 non
1056 599 1256 671 uwssreut,

164 674 362 736 Christianum
383 676 475 739 fidem
493 679 630 762 professi.
676 680 731 743 His
752 682 843 745 rebus
861 687 951 767 gestis
969 686 1085 749 redibat
1105 688 1254 753 nomme·

162 778 452 862 contantinopolim

521 894 525 903 ·
612 884 636 947 1.
649 884 670 948 l.
683 906 714 967 p.
728 885 802 953 487.

244 979 331 1041 Anno
352 982 475 1045 CCCLV
489 982 555 1067 (qui
570 985 617 1047 die
634 990 676 1053 27
698 988 767 1047 Dec.
781 987 818 1051 Δ.
830 988 900 1051 cm.
913 990 977 1060 965
987 991 1098 1074 coepit)
1111 1014 1255 1059 excurre·

159 1080 234 1142 bent
257 1083 364 1144 Graeci
384 1084 416 1143 in
438 1106 541 1165 agrum
562 1088 779 1155 Muslemicum.
828 1092 946 1156 Primus
966 1094 1096 1176 impetus
1117 1098 1254 1163 Amidam

160 1184 305 1267 perculit,
327 1196 392 1245 tum
405 1188 492 1249 misse
508 1192 585 1251 secte
601 1192 661 1252 eius
676 1193 846 1272 obsidione,
867 1196 1048 1274 Nisibinsm3
1071 1198 1141 1257 inde
1157 1208 1254 1261 uene.

160 1287 252 1364 gressi
267 1287 506 1369 eMesopotomin
518 1292 551 1352 in
565 1292 698 1375 Syrium,
719 1295 772 1355 diu
782 1294 945 1359 haerebunt
956 1298 1035 1359 circe
1045 1299 1251 1385 Antiocbism5

158 1388 278 1452 undem
297 1391 422 1451 Tereum
438 1395 620 1475 repetebant.

242 1492 353 1551 Eodem
374 1494 519 1557 liberabat
535 1497 721 1558 Seiseddsule
741 1518 829 1559 suum
850 1502 988 1579 astinem,
1016 1502 1252 1569 Abu-Feruntur

157 1591 394 1673 flemdenidsm,
417 1618 433 1657 e
454 1599 598 1675 vinculis,
626 1601 704 1659 fecte
728 1586 917 1681 captivorum
939 1606 1176 1685 permutatione,
1195 1626 1251 1689 per

158 1718 248 1779 quum
263 1700 477 1764 Muslsmorum
489 1702 592 1782 ingens
604 1700 769 1760 multitudo
780 1702 947 1765 libertatem
960 1708 1159 1787 recuperavit.

616 1804 637 1865 l.
650 1803 712 1883 tp.
725 1805 798 1870 503.

239 1888 354 1951 Interes
367 1888 439 1949 dum
451 1888 680 1970 Mesopotamiae
694 1890 809 1949 domini
822 1890 906 1951 bunc
916 1891 950 1951 iu
964 1893 1088 1953 modum'
1098 1894 1249 1959 intestinis

156 1987 242 2049 bellis
258 1990 320 2071 ipsi
335 2012 398 2054 sese
420 1992 571 2066 lucerent,
592 1992 641 2051 vio
656 1991 776 2073 petebet
794 1994 935 2054 Romanis
952 2015 1007 2075 per
1021 1996 1137 2075 Syrium
1156 2016 1250 2076 usque

158 2090 197 2151 ed
212 2094 359 2174 Tripolin.
402 2094 509 2155 Arcen
525 2093 623 2154 Erech
640 2094 831 2173 expugnabet
845 2116 947 2156 eorum
959 2095 1131 2176 imperotor.
1173 2096 1250 2156 lude

157 2194 296 2255 tendebat
310 2197 476 2274 Emessam,
498 2216 586 2276 quem
603 2196 710 2257 incolis
724 2216 851 2257 vecuem
863 2197 1004 2257 iscillime
1020 2206 1127 2258 nectus
1147 2196 1248 2273 (edve-

155 2296 266 2357 nientis
286 2307 400 2359 terrore
420 2298 547 2379 petrium
569 2298 792 2378 deseruerant),
820 2299 938 2359 iniectis
954 2298 1074 2378 ignibus
1097 2309 1249 2379 perverto.

155 2395 215 2460 but.
269 2399 315 2461 Ab
332 2420 366 2462 ee
390 2400 568 2464 excursione
586 2400 703 2462 redibet
726 2402 914 2464 adtractum
932 2399 1129 2478 maritimum,
1158 2419 1247 2481 quem

153 2501 265 2581 rapinis
278 2511 308 2562 et
321 2495 564 2584 populationibus
578 2504 736 2584 deruebat,
760 2513 791 2566 et
809 2503 976 2566 octodecim
987 2509 1140 2582 suggestus
1155 2501 1187 2574 (e
1196 2510 1247 2560 to·

152 2601 245 2664 tidem
259 2605 336 2666 fenis
348 2607 520 2682 maioribus)
535 2605 678 2666 eiiciebut.
719 2609 881 2688 Postquam
895 2607 954 2667 duo
965 2624 1079 2666 meuses
1091 2603 1246 2664 mcubuis-

123 2747 126 2762 .
153 2717 199 2768 eet
215 2708 335 2790 Syrios,
357 2708 456 2770 ebibet
469 2709 591 2770 domum
604 2707 714 2790 praede
730 2710 830 2789 musis
843 2717 874 2770 et
887 2706 1012 2788 ceptiris
1028 2708 1151 2766 numero
1163 2703 1246 2766 houd

153 2807 243 2870 tacite
258 2811 500 2890 complectendis.

236 2908 323 2970 Anno
340 2913 477 2974 cccclx
498 2915 563 2994 (qui
580 2913 628 2976 die
644 2916 684 2980 18
701 2913 778 2974 Nov.
794 2912 830 2976 Δ,
847 2911 918 2974 ets.
933 2915 997 2979 969
1015 2906 1125 2988 ωθΡῖῑ)
1139 2925 1244 2968 mm

150 3009 331 3072 invadebant
357 3015 482 3075 Romani
502 3014 634 3095 Syrium,
670 3023 700 3074 et
721 3013 879 3076 Antiochia
904 3013 1052 3076 violenter
1075 3017 1244 3090 expugnem

153 3115 350 3195 caedibusque
364 3125 395 3176 et
408 3117 520 3199 rupinis
533 3125 719 3198 perimente,
739 3115 886 3177 Helebum
899 3114 1055 3196 petebant,
1076 3131 1165 3192 quem
1182 3106 1243 3171 Co-

150 3215 248 3280 rubeh
260 3225 289 3293 ⁴)
304 3229 376 3280 tenc
388 3222 514 3298 tenebat,
536 3217 740 3280 Seiseddoulee
751 3219 943 3299 mencipium,
963 3214 1030 3276 beri
1040 3211 1115 3290 filio,
1134 3210 1243 3273 Abu’l-

151 3317 259 3382 Manlio
284 3320 419 3383 Scherifo
440 3332 601 3398 extortum,
623 3329 657 3380 ut
677 3321 766 3382 modo
785 3320 927 3380 diximus.
968 3317 1027 3376 Hic
1043 3316 1078 3376 in
1093 3335 1189 3374 urcem
1208 3313 1242 3374 se

150 3429 320 3500 receperat,
342 3425 417 3484 urbe
438 3423 519 3484 boeti
540 3425 690 3504 permiste.
732 3423 896 3484 Obsidione
908 3418 948 3479 ed
962 3415 1105 3498 temporis
1119 3415 1242 3494 eliquod

26 3585 28 3592 ,
150 3523 293 3599 tolerate,
313 3534 417 3604 pectus
439 3525 575 3588 Corubeb
595 3535 709 3586 certum
730 3545 864 3586 annuum
882 3523 1029 3584 tributum
1047 3538 1105 3598 pro
1126 3514 1240 3577 fldebo

150 3635 181 3686 et
198 3646 268 3704 egro
290 3625 385 3705 circe,
407 3629 555 3688 Romanos
575 3627 742 3703 evertebat,
765 3626 872 3688 sumtis
887 3643 985 3684 seeum
999 3619 1151 3681 obsidibus
1166 3619 1241 3678 ebe·

148 3738 248 3791 untes.
279 3729 323 3788 Ito
338 3731 424 3789 loeus
436 3731 531 3790 fuctus
544 3729 695 3791 Muslemis
710 3729 749 3790 ud
762 3728 904 3810 pristinos
915 3725 998 3788 sedes
1012 3718 1239 3784 revertentibus.

148 3827 226 3888 luris
239 3827 411 3890 Helebensis
422 3839 519 3892 sutem
530 3840 594 3892 tum
607 3843 692 3893 erent
703 3832 761 3892 hoe
771 3839 937 3912 praetores,
953 3825 1087 3903 Hamae,
1108 3826 1239 3903 Emoeeu

149 3931 262 3990 Ceser-
271 3932 332 3990 Teb
340 3977 349 4010 ,
373 3923 502 4011 Muerre,
523 3933 666 4016 Apemse,
686 3931 827 3993 Scbuiesr
840 3938 871 3991 et
882 3927 930 3991 his
944 3921 1097 3989 interiectu
1109 3929 1186 3991 loce.

182 4062 209 4131 ⁴)
225 4061 255 4116 Iu
271 4063 398 4134 excerptis
418 4081 451 4118 ex
469 4064 576 4118 historie
596 4065 690 4120 Hslebi
704 4065 774 4120 infre
785 4062 937 4118 exhibendis
948 4061 1069 4116 scribimr
1083 4061 1137 4142 ¹hoc
1148 4075 1238 4114 nomen

216 4133 379 4202 Curgbujatr3
396 4133 478 4203 quod,
495 4133 545 4188 uisi
564 4135 654 4198 tutior,
671 4141 744 4188 recto
764 4152 794 4188 se
812 4135 904 4198 bebet3
928 4132 1027 4185 omissis
1050 4145 1120 4213 enisu
1134 4135 1237 4198 ponens

214 4201 369 4266 discriticis,
393 4202 486 4272 quibus
504 4203 696 4272 distinguuntur
711 4204 816 4258 litteree
832 4201 921 4256 Gbu‘m
941 4207 971 4256 et
981 4201 1026 4256 Ye
1041 4201 1075 4254 sb
1087 4201 1140 4252 Aio
1150 4205 1179 4249 et
1188 4195 1237 4258 ΒΟ,

212 4271 289 4326 senile
300 4274 426 4344 oorrmnpi
438 4270 524 4346 potuit
535 4289 626 4328 nomen
638 4273 701 4328 ittud
714 4273 741 4328 iu
754 4271 886 4328 Curubeb.
908 4270 943 4326 Ia.
