2959 4850
240 272 317 346 362
541 280 805 349 LUITPRANDI
824 278 1022 347 LEGATIO

239 440 314 503 dum
333 440 365 500 in
384 440 484 517 rogam
505 446 671 517 merent,
693 439 757 499 eins
775 439 877 521 copias
899 439 1038 499 omnibus
1059 438 1156 499 modis
1177 438 1329 499 contrive-

239 552 321 604 runt.
363 540 417 601 Est
432 550 462 601 st
479 540 576 618 aliud,
598 542 679 621 quod
692 562 774 602 nunc
793 542 995 623 Nicephorum
1011 542 1160 622 compulit
1179 542 1280 622 copias
1297 542 1330 602 in

239 644 380 725 Assyrios
394 643 519 703 ducere:
541 639 689 721 Argornm
704 645 784 704 enim
803 662 921 703 omnem
935 644 1103 722 regionem,
1123 646 1237 705 instans
1251 654 1330 705 tem-

239 768 314 830 pus,
335 749 397 807 Deo
416 747 552 822 iubente,
574 764 609 805 eo
627 766 723 827 usque
737 749 828 807 fames
848 747 981 823 attrivit,
1001 756 1037 805 ut
1051 766 1147 826 neque
1161 748 1256 807 tritici
1269 749 1329 808 duo

239 850 398 931 Pspienses
411 847 532 909 antarii
544 868 632 907 aureo
647 858 877 930 comparentur,
898 846 1017 929 hocque
1035 848 1088 909 ubi
1103 851 1222 910 ubertas
1243 851 1331 931 qnasi

240 962 352 1033 regnat.
394 952 480 1013 Hanc
499 959 627 1031 pestem,
648 953 782 1012 muribus
797 954 1039 1032 cooperantibus,
1060 952 1102 1011 ita
1120 950 1273 1031 dilatavit,
1293 961 1331 1012 nt

239 1053 393 1114 messionis
408 1062 559 1133 tempore,
581 1052 728 1133 quidquid
743 1052 854 1132 ubique
868 1062 1015 1114 terraram
1029 1074 1162 1113 annonae
1169 1064 1249 1130 erat,
1269 1054 1331 1112 mi-

240 1153 322 1215 nimo
341 1153 410 1213 dsto
424 1156 538 1235 pretio,
559 1156 776 1237 possessoribus
788 1156 980 1233 eiulantibns,
1004 1157 1198 1235 congregarit.
1239 1156 1331 1229 Quod

240 1275 311 1317 cum
324 1256 409 1315 iuxta
424 1256 666 1339 Mesopotamiam
683 1260 812 1334 faceret,
833 1258 884 1318 ubi
897 1261 1015 1337 frugum
1029 1260 1115 1339 copia
1128 1252 1262 1318 muribus
1276 1259 1330 1316 ab·

240 1358 375 1420 sentibus
392 1370 542 1437 creverat,
564 1380 669 1421 arenae
690 1361 780 1421 masis
800 1360 986 1421 multitudini
1008 1381 1142 1421 annonae
1154 1360 1331 1421 multitudi-

213 1461 312 1523 Dnem
329 1462 510 1542 coaequavit.
552 1462 645 1542 Igitur
663 1483 731 1523 cum
749 1464 805 1523 vili
824 1463 883 1523 boc
895 1464 1074 1524 commercio
1092 1463 1222 1543 turpiter
1240 1464 1332 1521 sames

240 1565 294 1626 ubi
309 1565 488 1639 desaeviret,
510 1564 659 1642 octoginta
680 1565 776 1624 millia
796 1566 986 1643 mortalium,
1007 1566 1132 1625 obtento
1146 1565 1268 1624 militine
1281 1584 1330 1624 se·

239 1686 308 1726 cnm
331 1664 537 1746 congregavit,
564 1665 673 1745 quibus
698 1686 753 1746 per
779 1668 955 1728 continuum
986 1688 1132 1744 mensem,
1161 1667 1244 1748 quod
1267 1688 1330 1747 uno

240 1780 351 1829 emerat
365 1790 470 1846 aureo,
493 1768 606 1829 duobus
620 1770 766 1830 vendidit.
796 1771 860 1831 llae
874 1780 954 1845 sunt,
977 1770 1097 1830 domine
1111 1771 1162 1848 mi,
1184 1790 1240 1847 res,
1255 1790 1332 1849 quas

238 1871 439 1953 Nicephorum
463 1872 563 1952 copias
584 1872 618 1931 in
633 1872 771 1953 Assyrios
785 1894 867 1934 nunc
886 1872 995 1933 ducere
1011 1875 1229 1955 compulerunt
1272 1873 1331 1933 Sed

239 1976 358 2055 quales,
381 1994 507 2055 quaeso,
530 1974 654 2054 copias?
675 1976 766 2053 Vere,
787 1978 925 2056 inquam,
946 1996 1008 2035 non
1026 1974 1179 2053 homines,
1201 1976 1254 2037 sed
1275 1976 1330 2035 bo.

238 2076 369 2135 minibus
383 2076 507 2136 similes:
529 2076 636 2161 quibus
654 2076 756 2157 lingua
773 2087 889 2138 tontum
904 2098 1034 2160 procax,
1056 2080 1109 2139 sed
1127 2078 1235 2159 frigida
1249 2078 1331 2138 bello

243 2176 374 2240 dextera.
415 2178 484 2240 Non
501 2178 623 2258 inspicit
641 2179 675 2237 in
689 2180 736 2241 his
755 2180 943 2263 Nicephosus
958 2181 1144 2260 qualitatem,
1166 2181 1218 2241 sed
1238 2183 1331 2241 solam

240 2282 451 2359 quantitatem:
473 2282 554 2361 quod
570 2302 658 2361 quam
673 2266 939 2363 periculosumblli
954 2285 1007 2354 sit,
1033 2292 1098 2343 tum
1113 2304 1178 2343 sero
1193 2285 1332 2365 poenite-

212 2380 387 2458 abissum,
410 2402 479 2444 cnm
498 2384 632 2444 imbelles
652 2386 793 2466 plurimi,
814 2386 1007 2446 multitudine
1023 2386 1160 2465 animati,
1182 2409 1199 2447 a
1221 2387 1332 2448 nostris

238 2485 398 2566 perpaucis
412 2486 490 2547 bella
510 2488 688 2564 scientibus,
710 2489 802 2548 immo
821 2490 988 2548 sitientibus
1012 2499 1213 2551 conterentur.
1256 2492 1330 2550 Cum

239 2587 410 2648 obsideritis
428 2590 549 2669 Bareas,
574 2591 700 2652 trecenti
720 2591 927 2650 tantummodo
943 2592 1053 2670 Ungari
1073 2593 1158 2652 iuxta
1173 2591 1331 2652 Thessalo·

238 2689 336 2749 nicam
352 2691 526 2772 quingentos
541 2695 669 2754 Graecos
686 2692 984 2773 comprehenderunt,
1009 2703 1039 2753 et
1055 2694 1089 2753 in
1102 2695 1262 2773 Ungasiam
1275 2695 1329 2754 du-

237 2803 358 2854 xerunt.
402 2795 563 2874 Quaeres,
586 2798 653 2877 quis
671 2815 814 2877 prospere
836 2797 991 2869 suecessit,
1019 2795 1165 2876 compulit
1188 2795 1331 2855 ducentos

238 2897 439 2976 Ungariorum
456 2899 537 2960 haud
557 2900 645 2979 longe
666 2897 925 2978 Constantinopoli
943 2899 976 2958 in
999 2898 1174 2959 Macedonis
1193 2897 1332 2958 similiter

240 2999 352 3060 faeere:
374 3021 412 3060 ex
437 3003 560 3082 quibus,
586 3022 654 3062 cum
678 3001 798 3060 incaute
820 3021 875 3080 per
897 3011 1051 3079 angustam
1078 3001 1213 3061 redirent
1239 3001 1330 3075 viam,

239 3101 434 3181 quadraginta
454 3114 524 3164 sunt
545 3105 640 3184 capti3
663 3124 738 3182 quos
752 3121 835 3165 nunc
853 3103 1040 3183 Niceplsorus
1052 3105 1090 3164 de
1104 3101 1238 3164 custodia
1254 3101 1333 3160 edu·

241 3209 321 3280 ctos,
348 3203 628 3285 pretiosissimisque
650 3205 780 3266 vestibus
807 3215 947 3284 ornatos,
976 3217 1123 3286 patronos
1143 3203 1198 3265 sibi
1219 3212 1250 3262 et
1271 3203 1333 3262 de-

129 3317 160 3369 Ρ,
172 3297 230 3373 (486
246 3304 375 3364 lensnres
393 3307 528 3385 paravit,
547 3327 649 3368 secum
667 3307 701 3367 in
723 3308 860 3386 Assyrios
882 3308 1003 3368 ducens.
1045 3308 1157 3369 Verum
1179 3305 1273 3385 qualis
1294 3305 1334 3363 sit

133 3387 191 3444 ⁰⁰¹·
208 3391 222 3442 ¹
241 3405 305 3466 eius
331 3409 493 3486 exercitus,
514 3407 586 3470 hinc
614 3409 738 3490 potestis
763 3408 926 3484 coniicere,
955 3409 1095 3488 quoniam
1125 3409 1178 3490 qui
1209 3409 1332 3467 caeteris

239 3517 409 3589 praestant,
435 3511 569 3572 Venetici
595 3522 665 3572 sunt
694 3521 725 3572 et
744 3509 955 3591 Asnalphitaui.
1005 3513 1105 3589 Nunc,
1132 3510 1179 3571 his
1207 3511 1333 3586 omissis,

240 3611 315 3693 quid
330 3611 403 3672 mihi
415 3614 557 3675 acciderit
570 3613 806 3674 animadvertite.
849 3617 941 3672 Serto
956 3612 1081 3671 Kalend
1103 3613 1231 3692 Augusti
1246 3623 1333 3672 extra

239 3715 526 3798 Constantinopolim
539 3718 570 3778 in
587 3717 710 3777 Umbria
726 3715 927 3796 aNicepboro
940 3715 1093 3774 licentiam
1109 3716 1211 3796 accepi
1227 3715 1264 3774 ad
1278 3735 1333 3773 vos

238 3821 399 3883 redeundi:
425 3839 551 3898 cumque
565 3819 858 3898 Constantinopolim
871 3818 1012 3893 venirem,
1030 3815 1263 3898 Cbristophorus
1274 3817 1332 3876 Pa-

239 3919 343 3979 tsicius
359 3919 540 3998 Eunuchus,
562 3921 614 4000 qui
628 3919 791 4001 Nicephori
802 3920 899 3981 vicem
918 3919 1022 3979 eodem
1040 3919 1132 3996 gerit,
1154 3918 1231 3977 mihi
1245 3937 1334 3976 man—

239 4019 340 4096 davit,
361 4041 424 4080 non
436 4041 523 4102 posse
537 4031 669 4081 metune
684 4022 838 4099 recedere,
860 4021 930 4102 quia
946 4021 1086 4080 Saraceni
1104 4030 1177 4079 tunc
1198 4038 1333 4099 occupa-

239 4132 349 4184 verunt
362 4143 457 4200 mare,
479 4134 510 4185 et
522 4125 644 4204 Ungarii
659 4135 788 4189 terram:
810 4125 1029 4206 expectandum
1043 4121 1118 4182 mibi
1138 4141 1216 4198 esse,
1237 4119 1333 4179 donoc

239 4224 298 4306 ipsi
320 4225 520 4288 ducoderent:
545 4227 599 4288 sed
621 4237 802 4308 utrumque,
821 4227 899 4309 prob
927 4227 1033 4302 dolor,
1055 4225 1115 4285 fuit
1133 4221 1333 4285 mendacium.
