2959 4850
384 305 388 367 Ξ
427 293 488 361 AD
508 292 795 365 NICEPHORUM
813 294 1006 365 PHOCAM
1184 284 1260 361 845

171 474 226 537 per
245 464 398 537 potentes,
419 464 530 535 quanto
558 454 631 515 lainc
656 454 854 536 potentiores,
879 474 996 536 semper
1015 455 1118 534 mites,
1146 466 1260 537 quanto

171 557 244 617 lainc
265 558 419 619 mitiores?
451 578 567 639 semper
591 557 756 621 virtutibus
782 560 882 641 pleni,
909 567 1024 643 quanto
1044 556 1118 618 hinc
1142 559 1262 639 plenio-

171 658 239 721 real
269 659 411 719 sedebant
436 659 476 720 ad
506 660 671 739 sinistram,
692 682 769 723 non·
784 660 818 723 in
846 662 948 723 eadem
969 661 1067 737 linea,
1093 661 1147 720 sed
1173 662 1262 740 longe

173 760 312 821 deorsum
333 763 394 822 duo
412 764 532 844 parvuli
548 763 762 843 Imperatores,
783 763 1010 844 eiosqaondoaa
1026 762 1158 841 domini,
1178 782 1262 823 nanc

172 862 310 938 subiecti,
327 865 411 925 onius
427 865 609 926 narrationis
621 864 741 925 initium
760 865 820 927 hoc
839 868 913 926 fnit:
934 866 1149 938 nummus,
1169 867 1262 927 immo

171 965 362 1025 volueramus
384 977 416 1027 te
433 967 573 1048 benigne,
593 966 806 1046 magnificeque
825 969 991 1051 suscipere,
1012 969 1065 1029 sed
1088 969 1201 1029 domini
1216 969 1265 1029 tui

171 1066 307 1148 impietur
328 1088 390 1128 non
411 1070 576 1149 permittit,
598 1068 652 1149 qui
670 1078 732 1127 tem
752 1068 874 1130 inimica
892 1070 1047 1131 invasione
1060 1070 1183 1131 Romam
1203 1070 1261 1130 sibi

170 1168 355 1247 vindicavit,
383 1172 576 1252 Berengurio,
599 1180 631 1231 et
654 1171 815 1231 Adelberto
837 1182 944 1233 contra
969 1172 1018 1232 ius
1037 1172 1142 1253 fasque
1166 1173 1288 1233 vitamc

171 1272 312 1349 abstulit,
340 1274 542 1335 Romanorum
570 1272 643 1333 alios
668 1274 786 1353 gladio,
815 1275 891 1335 alios
914 1274 1076 1356 suspendio
1099 1275 1261 1351 interemit,

170 1375 266 1435 oculis
286 1375 360 1436 alios
374 1376 522 1458 privavit,
545 1376 637 1437 exilio
657 1376 730 1437 alios
743 1376 902 1455 relegerit,
923 1386 954 1437 et
965 1375 1086 1458 lmperii
1099 1376 1198 1452 nostri
1211 1376 1265 1435 in-

170 1496 261 1557 super
283 1478 418 1539 civitatee
439 1478 620 1555 homicidio,
650 1488 703 1539 aut
723 1479 864 1539 incendio
890 1478 948 1539 eibi
970 1479 1098 1539 subdere
1118 1479 1262 1539 tentarit:

169 1588 200 1639 et
222 1580 292 1659 quia
315 1580 438 1641 effectus
459 1581 521 1641 eius
543 1600 657 1662 pravus
675 1580 815 1641 effectum
832 1580 941 1642 habere
959 1600 1022 1641 non
1042 1579 1160 1661 potuit,
1178 1602 1262 1640 nunc

166 1690 199 1741 ts
218 1682 350 1743 malitiae
361 1682 449 1743 huius
468 1692 668 1763 suggestorem
688 1694 779 1764 atque
796 1684 1004 1765 impubem,
1026 1682 1163 1743 simulata
1176 1702 1260 1762 pace,

168 1784 255 1863 quasi
273 1780 409 1849 ἄσκοπον
422 1782 450 1867 ⁹)
460 1830 469 1861 ,
490 1786 523 1845 id
543 1795 588 1847 eet
608 1787 829 1868 exploratorem
848 1785 888 1846 ad
901 1804 959 1847 nos
973 1785 1095 1852 direxit.
1137 1788 1194 1845 Cui
1209 1786 1261 1845 in-

168 1904 256 1965 quam
273 1906 343 1965 egos
363 1888 527 1947 Romanam
546 1889 697 1949 civitatem
717 1888 862 1949 Dominus
879 1909 963 1949 meus
980 1909 1044 1949 non
1067 1888 1117 1966 vi,
1138 1898 1192 1949 snt
1207 1898 1262 1969 ty-

165 1986 289 2073 rannice
305 1988 434 2066 invasit,
455 1991 509 2051 sed
524 2013 541 2050 a
555 1990 695 2071 tyranni,
714 1991 807 2051 immo
820 2000 1017 2071 tyrumoram
1029 1991 1098 2069 iugo
1111 1990 1260 2051 liberavit.
1337 2037 1342 2044 ,

166 2088 274 2149 Nonne
301 2090 481 2151 effoeminati
508 2092 735 2154 dominabantur
765 2092 852 2152 eiusl
880 2103 911 2153 et
934 2092 1016 2172 qaod
1038 2092 1171 2171 gavina,
1197 2091 1261 2168 sive

108 2260 113 2271 Ι
166 2190 305 2272 turpius,
326 2214 428 2254 nonne
445 2195 635 2263 meretrices?
662 2195 849 2271 Dormiebat,
867 2203 904 2255 nt
922 2203 1014 2274 puto,
1034 2202 1110 2255 tunc
1126 2204 1288 2276 potestastt

167 2302 237 2371 tua,
257 2295 349 2355 immo
372 2296 561 2360 decessorum
577 2309 713 2377 tuorum,
736 2296 1016 2378 qni'nominesolo,
1036 2316 1100 2356 non
1112 2307 1210 2356 autem
1223 2316 1259 2357 re

165 2394 231 2477 ipae
250 2396 446 2479 Imperatores
465 2402 667 2462 Romanorum
684 2408 846 2463 vocantur.
888 2398 921 2459 si
935 2408 1087 2480 potentes,
1108 2400 1136 2460 si
1152 2400 1261 2481 Impe-

164 2509 279 2566 ratores
295 2503 498 2564 Romanorum
516 2513 616 2581 ment,
638 2523 694 2564 cur
712 2503 838 2562 Romam
856 2501 891 2562 in
909 2501 1100 2562 meretricum
1114 2511 1262 2584 potestate

165 2603 325 2666 sinebant?
346 2605 452 2666 Nonne
465 2607 726 2668 sanctissimarum
737 2607 886 2706 Papapum
900 2605 951 2664 alii
966 2614 1039 2666 sunt
1047 2605 1186 2684 relegati,
1207 2604 1261 2664 alii

166 2727 184 2764 a
205 2716 237 2766 te
259 2708 382 2787 afflicti,
403 2719 439 2770 nt
455 2729 553 2790 neque
574 2708 766 2790 quotidianos
789 2717 940 2788 sumptus,
962 2728 1019 2768 nec
1043 2707 1261 2787 eleemosynam

165 2807 276 2870 laebere
288 2811 430 2890 quirent?
450 2831 552 2871 nonne
564 2810 740 2872 Adelbertua
755 2811 985 2871 contumeliosae
996 2811 1098 2872 literas
1111 2812 1257 2887 Romano,

165 2918 197 2970 et
217 2911 409 2974 Constantino
442 2914 644 2974 decessoribus
669 2915 729 2974 tais
750 2913 998 2994 Imperatoribus,
1025 2911 1122 2972 misit:
1155 2931 1259 2972 nonne
1275 2905 1307 2960 P·
1323 2905 1376 2962 480

165 3012 427 3076 Sanctissimonam
445 3016 657 3096 Apostolorum
675 3015 825 3076 Ecclesiae
844 3015 959 3097 rapinis
984 3013 1164 3094 expoliavit:
1191 3012 1259 3094 quis
1276 2977 1334 3031 ω’
1354 2983 1378 3033 1'

164 3135 204 3176 ex
224 3115 311 3176 vobis
328 3116 562 3198 imperatoribus
586 3118 651 3178 selo
670 3117 725 3178 Dei
749 3116 859 3178 dunas
880 3129 943 3178 tam
960 3117 1119 3196 indignum
1142 3117 1258 3178 facinus

163 3217 333 3296 vindicare,
355 3227 385 3278 et
400 3221 538 3280 Sanctam
554 3220 718 3280 Ecclesiam
736 3221 771 3280 in
786 3231 898 3282 etatum
918 3217 1077 3303 proprium
1095 3221 1258 3281 reformm

164 3321 303 3382 curavitl
326 3323 497 3400 neglexistis
511 3343 565 3384 vos
574 3365 584 3399 ,
605 3343 668 3384 non
684 3323 819 3403 neglexit
835 3325 981 3386 Dominus
993 3344 1095 3400 meus,
1117 3321 1170 3401 qui
1184 3343 1202 3380 a
1215 3320 1257 3380 li·

133 3406 138 3416 ’
162 3423 252 3484 nibus
276 3433 374 3484 terrae
397 3445 538 3505 surgens,
566 3427 752 3508 Romamque
775 3427 899 3487 veniens
918 3428 1028 3509 impios
1056 3426 1196 3499 abstulit,
1226 3432 1257 3484 et

162 3528 343 3588 Sanctorum
360 3525 575 3608 Apostolorum
592 3529 721 3590 vicariis
734 3538 911 3609 potestatem
932 3539 963 3590 et
978 3529 1123 3590 honorem
1138 3545 1257 3586 omnem

162 3627 354 3689 contradidit.
394 3630 588 3691 Postmodum
602 3651 671 3692 vero
685 3631 873 3710 insurgentes
889 3642 993 3692 contre
1004 3653 1045 3705 se,
1060 3629 1256 3691 etDominum

159 3731 387 3812 Apostolicnm,
412 3733 497 3811 quasi
512 3733 709 3794 iurisiurandi
729 3734 890 3795 violatores
910 3733 1086 3813 sacrilegos,
1108 3730 1256 3792 Domino-

159 3855 229 3894 rum
255 3853 378 3894 suorum
399 3833 642 3914 Apostolicorum
664 3845 813 3911 tortores,
836 3844 990 3915 raptores,
1010 3834 1177 3895 secundnm
1199 3830 1256 3890 de-

160 3944 243 3996 creta
261 3935 478 4017 imperatorum
491 3937 694 4000 Romanorum
707 3935 879 4014 lastiniani,
892 3937 1105 4013 Valentiniani,
1116 3932 1284 3998 Theseo-u

160 4035 214 4114 sii,
237 4045 268 4098 et
288 4044 473 4098 caeterorum
495 4041 620 4118 cecidit,
642 4040 803 4119 iugulavit,
824 4039 998 4120 suspendit,
1020 4050 1051 4100 ct
1068 4038 1160 4102 exilio
1177 4038 1258 4098 rele·
1328 4113 1331 4120 1

158 4137 257 4218 pavita
278 4157 357 4219 quae
370 4137 396 4198 si
409 4159 473 4201 non
484 4143 596 4204 locust
601 4187 611 4221 ,
632 4143 760 4227 impius,
780 4143 926 4221 iniustus,
948 4143 1087 4221 modalis,
1108 4151 1255 4223 tyrannus

191 4290 224 4357 9)
245 4289 320 4346 Fort-
337 4289 521 4348 κατάσκοπον.
549 4290 626 4350 Cos.
