2959 4850
392 360 440 432 ltt
458 356 697 432 Turonosu
715 354 949 431 AOEOASES
1054 394 1058 410 ·
1133 348 1206 431 661

75 605 79 612 .
114 542 155 583 so
166 522 342 605 turpissime
359 519 479 591 ductam
498 515 650 603 nmquam
661 518 812 651 pollutum
832 506 1102 601 mendumque
1116 519 1241 583 dero--

113 609 379 674 veredebciasent

204 714 257 777 tu
298 699 520 790 Εινοιιιόριις]
539 707 695 773 mmmm
711 708 790 773 mala
810 705 905 771 edidit
924 700 1117 793 ξινιιιὸηοις,
1145 708 1210 814 ιιι-

10 868 14 875 .
114 793 206 853 tassia
224 792 404 874 typographi
425 792 552 863 vitio.

204 898 256 961 73.
275 889 425 977 Ἀφριιιιῖν
439 893 573 975 Σικελία]
593 895 640 956 Ex
658 916 692 957 ea
708 847 930 973 Sicilisepsrte,
951 878 1025 973 quae
1040 895 1213 975 Lilybaeum

113 980 350 1057 complectitur,
373 998 507 1059 quaeque
528 980 628 1042 Africo
648 981 723 1042 mari
746 980 887 1054 allisitur,
910 980 1048 1039 Saraceni
1072 980 1213 1059 Africani,

113 1062 281 1143 Euphemii
309 1064 423 1125 nubes
443 1064 747 1144 dolisquesdiuti,
737 1086 771 1125 ιιι
790 1024 921 1125 Insulim
948 1063 1127 1145 irruperunt
1148 1066 1214 1125 sui·

115 1168 179 1226 qne
193 1150 269 1209 iuris
278 1149 383 1225 iecere,
394 1149 539 1210 michaele
548 1152 640 1211 Balbo
647 1152 829 1231 imperatore
842 1169 889 1209 au.
898 1148 969 1209 chr.
978 1148 1214 1212 dcccxxvltl.

113 1231 240 1293 Videris
265 1234 345 1293 inter
365 1244 477 1295 ceteros
501 1236 667 1297 cedrenum
689 1236 802 1298 Hister.
824 1236 927 1315 Comp.
945 1236 1102 1313 μείω.
1123 1235 1216 1297 Nios-

114 1316 235 1397 phorm
258 1338 332 1378 vero
356 1320 394 1379 de
414 1340 448 1379 ea
468 1321 505 1380 sb
523 1322 670 1382 Africanis
688 1320 870 1380 vindicanda
890 1320 923 1377 in
944 1319 1011 1400 ipeo
1031 1320 1149 1401 imperii
1167 1319 1218 1379 sui

114 1402 248 1462 exordio
269 1403 428 1482 cogitavit,
458 1425 551 1485 eoque
571 1403 738 1468 Manuelem
757 1405 856 1481 misit,
878 1403 932 1483 qui
951 1402 1115 1465 iuventutis
1136 1414 1219 1465 aestu

115 1488 253 1563 fervens,
276 1508 369 1569 quum
390 1488 529 1549 necbene
544 1491 627 1551 ducis
640 1492 740 1552 officio
761 1491 935 1569 inungeretur
955 1498 985 1546 et
1002 1488 1085 1549 vitiis
1100 1488 1221 1549 deditus

114 1573 290 1631 sanioribus
312 1592 375 1631 non
388 1574 604 1653 obtemperaret
618 1575 750 1636 consiliis
759 1620 768 1651 ‚
790 1572 901 1653 asperis
913 1572 1090 1653 quibusdam
1112 1574 1221 1633 inviis·

115 1676 180 1735 que
203 1657 277 1715 locis
297 1657 413 1717 Siciliae
432 1658 564 1719 inclusus
585 1680 616 1719 se
644 1660 743 1741 ipsum
763 1668 920 1739 totumque
946 1657 1108 1718 exercitum
1136 1658 1221 1719 foede

113 1741 265 1823 perdidit.
308 1742 436 1803 Consule
454 1743 681 1824 praelaudatum
699 1744 867 1806 cedrenum
886 1740 960 1803 ibid.
981 1762 1047 1822 pag.
1065 1743 1137 1809 654.

207 1850 259 1913 78
282 1840 402 1927 mter]
425 1848 580 1909 Cornelius
602 1848 696 1909 edidit
714 1846 830 1931 ιιλιὶγη,
855 1868 912 1908 nec
933 1849 1004 1908 estis
1019 1851 1093 1909 bene
1107 1842 1222 1931 πελάγη

115 1932 282 2010 legendum
306 1933 502 2010 coniectavit,
525 1955 620 2013 quum
632 1934 667 1993 sd
677 1955 788 1995 seuaru
800 1954 954 1995 mensurae
967 1944 1119 2017 repugnet
1161 1936 1223 1995 Nos

116 2011 221 2097 πλάτη
239 2036 277 2077 ex
293 2016 402 2077 Codice
417 2019 610 2079 restituimus.

209 2129 262 2189 82.
291 2116 446 2204 Ἱππότην]
477 2124 642 2188 Alexandri
661 2124 761 2205 Magni
782 2126 897 2185 iactum
923 2124 1110 2185 adurentem
1133 2144 1224 2184 revo-

118 2207 267 2279 ca,dum
288 2228 396 2287 equum
417 2210 609 2273 ferocientem
629 2210 776 2309 planeque
795 2208 977 2271 indomitum
996 2209 1226 2269 mansuetiorem

117 2291 332 2369 mitioremque
358 2292 569 2357 sibireduxit:
591 2316 709 2376 exque
731 2295 845 2375 ingenii
867 2294 1016 2373 animique
1038 2295 1085 2354 sui
1102 2293 1224 2375 experi-

119 2386 227 2437 mento
245 2386 359 2437 tantam
373 2390 550 2442 consecutus
565 2392 610 2443 eat
622 2382 758 2457 laudem,
779 2390 815 2442 ut
831 2380 990 2460 Philippus
1006 2398 1082 2460 equo
1100 2380 1225 2440 descen·

119 2463 260 2534 dentem,
281 2465 470 2525 manantibus
495 2468 603 2544 gaudio
624 2427 776 2544 lacrimii,
799 2466 974 2546 complexus
998 2464 1225 2524 exclamaverit:

175 2550 417 2625 ius.imperium
438 2550 499 2608 aibr·
522 2556 765 2631 circumspicere,
787 2573 840 2609 nec
862 2553 941 2609 enim
959 2549 1156 2609 aldaoedoniae
1177 2571 1227 2610 re·

166 2654 222 2690 um
243 2643 362 2692 tantam
382 2633 514 2694 indolem
536 2661 651 2720 capere.
695 2637 823 2698 Consule
839 2633 1078 2697 Freinshemium
1098 2635 1131 2695 iu
1146 2637 1227 2717 Sup-

118 2719 216 2798 plem.
238 2717 669 2806 inQ.Curt.lib.l.cap.1v.

211 2829 264 2892 88
282 2819 386 2905 Ζήιει]
410 2821 504 2907 Ζησει
516 2827 611 2886 ιιιιιι
626 2828 791 2909 Gemellus,
813 2827 865 2890 sed
876 2847 980 2891 veram
993 2826 1152 2890 lectionem
1168 2828 1226 2888 Co·
1317 2809 1321 2816 ¹

121 2908 200 2970 dicis
222 2910 261 2968 ad
278 2931 361 2970 oram
375 2913 498 2992 paginae
517 2913 650 2974 subiecit.

204 3015 258 3080 8⁵.
282 3011 416 3098 Κρήτης]
439 3019 593 3080 Cornelius
608 3020 715 3082 maiust
727 3022 874 3104 Κρητιιν,
898 3019 974 3081 sed
964 3021 1128 3082 immerito:
1148 3017 1228 3080 nihil

124 3099 210 3161 enim
227 3098 279 3157 hic
296 3102 521 3164 immutandum.

213 3210 320 3272 88·T
316 3206 387 3269 ἕκνα
410 3204 518 3292 μικρά]
540 3211 636 3287 Ηιιο,
660 3231 734 3291 quae
756 3211 845 3270 modo
868 3209 1050 3270 Theodosius
1077 3209 1229 3287 describit,

125 3287 302 3369 singillatim
318 3306 504 3354 recensuerat
518 3256 652 3356 incertds
668 3295 866 3356 Continuator
878 3295 1081 3375 Theophanis:
1106 3295 1157 3354 sed
1171 3316 1231 3354 ma.

125 3375 157 3435 lo
173 3377 302 3474 quodam
319 3379 419 3436 sato
394 3399 457 3438 esus
470 3380 614 3441 historiae
627 3382 885 3460 complementum,
908 3382 960 3440 ubi
976 3379 1228 3455 seminabantur,

127 3461 260 3540 perierat
285 3463 318 3519 in
340 3463 466 3544 Codice,
495 3467 534 3527 ad
560 3467 644 3526 cuius
669 3467 760 3527 fidem
784 3466 947 3528 editionem
967 3485 1052 3525 susm
1071 3424 1230 3526 adornavit
1289 3502 1296 3536 ‚-

129 3545 334 3610 Combelisius.

143 3657 147 3676 '
215 3657 267 3716 96.
290 3651 477 3736 Προφηιης]
499 3655 697 3716 hloamethem
720 3657 870 3737 intellige,
899 3655 984 3715 cuim
1003 3655 1172 3736 patrocinio
1195 3673 1232 3714 ao

128 3737 264 3814 potentia
287 3737 401 3798 'furcae
426 3741 584 3800 confidunt
599 3743 775 3822 plurimum.

215 3847 266 3907 97.
287 3840 339 3916 Ὡς
352 3842 424 3921 θεις
436 3847 599 3929 τιμωμένη]
620 3850 734 3908 Turres
750 3845 859 3925 gladio,
880 3846 975 3908 veluti
992 3845 1065 3924 Deo,
1086 3842 1232 3903 honorem

103 3984 108 3995 ,
130 3924 272 3987 adhibere
287 3927 471 3992 Theodosius
486 3935 587 3993 forsan
603 3934 687 4009 dicit,
704 3932 826 4012 quode1
838 3931 1025 4012 potissimum
1037 3917 1232 4006 confiderent,

15 4056 16 4059 ,
132 4023 226 4084 quum
248 4013 398 4073 Moameth
420 4017 520 4094 gladio
543 4018 581 4077 ad
600 3979 775 4095 religionem
794 4037 880 4080 auam
898 4017 1040 4080 tuendam
1061 4035 1097 4076 ac
1117 4034 1233 4095 propt·

15 4148 16 4151 ,
132 4095 258 4169 gandam
273 4097 400 4160 fidenter
421 4102 468 4162 uti
485 4123 535 4162 eos
549 4104 708 4164 docuisset.

219 4204 288 4265 101·
311 4198 353 4262 Tei
356 4205 414 4282 σις]
439 4208 605 4270 Orientales
626 4210 764 4270 ιιιιίοιιιι
778 4208 911 4272 vestibus
926 4207 965 4270 ad
976 4209 1055 4269 talos
1071 4204 1232 4284 usquode·

130 4281 232 4342 missis
252 4285 299 4342 uti
314 4287 420 4346 solitas
435 4293 506 4352 satis
519 4314 621 4356 omnes
636 4305 759 4357 norunt.

198 4385 258 4441 loeo
274 4387 414 4442 Dioeosus.
753 4405 757 4414 ⁸
984 4378 1027 4442 86
