2959 4850
510 259 768 334 PRAEFATIO.
1074 256 1081 300 ¹
1120 277 1191 327 xus

86 419 212 484 Leonis
222 420 256 482 lu
266 418 390 486 Notitiis
402 419 472 486 bias.
485 419 599 486 editum
605 465 616 499 ,
637 429 750 504 eptsre,
769 429 805 486 nt
816 421 947 507 scriptor
958 425 1083 488 totusiu
1093 425 1193 489 lucem

86 525 288 606 proterruit:
309 534 426 587 sumtus
448 523 628 584 necessarios
650 523 776 586 etmdem
795 525 1094 592 subministraturum.
1134 528 1195 594 bii·¹

87 625 186 688 rifiee
206 627 300 708 igitur
322 627 485 688 delectatus
502 623 561 686 hoc
581 625 707 700 nuncio,
726 626 823 687 multo
834 629 929 689 scrius
941 628 1040 690 exursi
1053 629 1092 692 ad
1103 631 1193 713 cupi·

88 729 227 792 (liutem
254 729 362 790 edendi
382 728 495 812 operis:
525 726 677 810 ipsiusque
697 727 806 792 illustr.
829 729 952 791 Comitis
973 731 1082 792 litteris
1100 733 1192 815 paule

88 841 172 913 post
184 831 278 910 magis
293 831 383 891 etism
396 829 597 912 confirmatus,
610 831 751 909 evestigio
764 851 849 893 orsus
859 851 925 894 sum
937 833 1108 896 sditionem.
1134 835 1192 896 Ne·

90 953 161 1014 qua
180 933 303 994 aliunde
323 933 570 1016 amplissimorum
601 931 757 996 bominum
780 933 854 995 milri
873 935 970 996 deluit
989 935 1122 998 studium
1140 947 1192 998 aut

88 1037 252 1101 voluntas.
293 1037 369 1097 Nam
383 1045 414 1097 et
428 1035 478 1106 vir
491 1055 623 1096 summus
640 1025 743 1096 Comes
758 1055 797 1096 ns
811 1056 1032 1118 uonrssomoo,
1051 1039 1194 1100 Pauus·

90 1159 175 1220 par,
194 1137 281 1217 Regis
295 1137 537 1200 christianissimi
557 1137 745 1198 consiliarius
765 1137 905 1218 intimus,
923 1158 995 1201 cum
1007 1139 1193 1202 administra·

93 1239 218 1300 tionem
230 1240 414 1319 interiorem,
434 1249 471 1300 ut
484 1259 565 1300 nunc
576 1259 730 1317 vocamus,
750 1238 784 1298 in
797 1239 894 1301 Gallis
906 1238 1037 1322 haberet,
1056 1242 1192 1304 redemto

95 1341 329 1423 exemplarium,
341 1353 376 1404 ut
392 1341 484 1419 aiunt,
497 1361 622 1402 numero
634 1339 716 1401 hand
727 1339 844 1421 *exigoq
859 1341 1111 1424 expeditissimum
1124 1343 1192 1404 red·

97 1443 176 1508 ders
185 1453 281 1505 totum
302 1442 494 1526 imprimendi
509 1443 661 1521 negotium
676 1441 813 1523 dignatam
826 1454 888 1507 ests
908 1465 995 1525 quam
1008 1445 1071 1505 sius
1085 1445 1193 1505 volun·

94 1555 195 1609 tatem
207 1557 302 1608 ratam
318 1545 391 1606 fecit
403 1555 472 1626 post
482 1565 550 1604 eum
563 1543 666 1604 eodem
680 1564 804 1606 munere
814 1547 990 1625 sungeusill.
998 1547 1192 1608 Domcomes
1262 1562 1265 1569 ’

94 1649 248 1728 Decurre,
256 1647 518 1711 etc.immortalem
530 1645 648 1707 laudem
658 1665 842 1726 comparans,
849 1648 920 1708 dum
932 1649 1045 1709 litteras
1058 1649 1192 1710 etscicu·

93 1752 170 1830 tias,
186 1751 368 1830 omninoque
380 1749 473 1810 bonas
488 1747 606 1828 quasvis
618 1747 793 1828 disciplinas
804 1749 970 1811 inl-“rancis
983 1749 1091 1812 florere
1104 1759 1192 1830 etqua

96 1853 206 1913 ornari
229 1851 310 1914 omni
321 1860 430 1912 conatu
447 1858 547 1910 curate
567 1859 597 1910 et
610 1849 659 1910 vir
674 1849 857 1929 eruditione,
879 1853 1071 1930 auctoritate,
1089 1853 1194 1913 virtu-

94 1955 183 2015 tibus
203 1952 469 2028 eminentissimus,
491 1951 644 2011 doctrinae
670 1951 831 2011 orientalis
850 1972 907 2032 per
928 1954 1030 2015 orbem
1047 1963 1195 2014 terrarum

96 2056 254 2138 princeps,
276 2056 354 2116 liber
362 2055 437 2114 Baro
453 2056 619 2114 Savum
632 2071 671 2112 uu
684 2055 776 2130 Secu,
797 2055 907 2115 Rector
919 2055 1121 2118 univcrsitatis
1135 2055 1196 2112 Ps-

96 2159 249 2236 risicusis,
269 2155 468 2218 institutionis
490 2153 628 2235 publicae
648 2153 871 2214 constituendae
883 2156 974 2227 Vvir,
994 2155 1107 2216 ordinis
1121 2157 1193 2234 lleg.

98 2261 237 2340 legionis
245 2257 377 2320 honorif.
390 2257 569 2338 preelectus,
585 2253 1003 2339 sudsmisslssg.1nscriptt
1017 2257 1194 2321 etlittsrarr.

97 2362 224 2427 human.
252 2361 348 2424 sodal.
366 2368 423 2424 etc.
450 2357 623 2418 interventu
641 2375 696 2415 suo
718 2355 861 2436 obtinuit,
888 2357 977 2418 utin
996 2357 1195 2442 typographia

100 2465 195 2545 Regia
208 2466 268 2525 Leo
283 2462 420 2525 lormulia
436 2460 660 2524 describeretur.
686 2457 741 2539 lta,
760 2458 808 2519 bis
821 2460 962 2543 auspiciis
975 2461 1104 2545 incepta,
1114 2461 1196 2521 bian-

100 2569 148 2628 nii
164 2568 260 2648 spatio
272 2566 311 2627 ad
325 2565 440 2624 exitum
453 2562 582 2622 adducta
591 2561 746 2641 impressio
760 2572 819 2624 est:
840 2562 956 2623 tardius
969 2566 1091 2624 fortasse
1107 2582 1195 2642 quam

100 2670 259 2747 volebam,
285 2666 408 2745 obsequi
439 2665 580 2725 continuo
612 2664 705 2724 tantis
729 2664 804 2725 viris
825 2664 1072 2726 iucundissimum
1088 2661 1195 2724 existi·

102 2790 209 2832 mans:
229 2768 300 2831 satis
312 2768 384 2845 cito,
396 2766 422 2826 si
434 2768 543 2827 molem
556 2766 718 2830 voluminis
733 2766 946 2850 difficilemque
957 2766 1102 2830 rationem
1115 2780 1196 2826 comi

103 2871 244 2933 menterii
266 2874 532 2949 chmsterumque
545 2870 726 2930 Graecorum
742 2880 866 2951 spectes.

190 2973 226 3037 V.
245 2971 339 3033 Venio
363 2952 446 3031 nnnc
466 2970 505 3031 ad
526 2991 558 3029 ea
571 2986 650 3051 'quas
672 2980 810 3030 coustant
824 2971 862 3031 ds
875 2972 939 3031 vita
956 2970 1078 3048 Leonis,
1098 2988 1194 3051 pauca
1216 2970 1247 3025 P.
1264 2970 1307 3024 vu

102 3094 186 3152 sune,
207 3094 263 3134 uec
275 3074 392 3134 diversa
410 3075 471 3133 lere
486 3072 581 3151 abiis,
604 3092 678 3153 quae
689 3073 796 3133 Notitt.
810 3072 881 3134 Mes.
896 3072 979 3133 vlss.
996 3074 1067 3141 257.
1084 3073 1118 3138 C.
1132 3071 1196 3153 pri·
1271 3113 1274 3120 -

57 3244 62 3255 ,
103 3177 176 3237 dem
192 3174 318 3257 protuli.
359 3174 459 3235 Vitam
480 3176 538 3235 Leo
559 3174 634 3234 adiit
651 3174 755 3251 Geloi,
777 3194 852 3254 quse
867 3172 973 3234 civitas
990 3182 1033 3232 est
1048 3172 1115 3255 (⁸th
1132 3177 1196 3235 Ko-

102 3282 223 3359 ioqssiv
247 3272 358 3351 πόλεως
378 3276 419 3335 Le
441 3264 674 3349 Qtsieu'Orient.
696 3276 805 3339 Christ.
818 3276 843 3336 l.
857 3282 929 3345 726.
944 3275 997 3357 C.)
1021 3274 1105 3334 Asiae
1120 3294 1195 3355 pro-

107 3378 274 3439 consularis
292 3378 325 3437 in
336 3378 442 3439 Tmolo
455 3388 570 3457 monte,
590 3396 684 3459 prope
694 3380 808 3438 lentem
821 3378 938 3457 Caystri
951 3376 1045 3435 amnis
1059 3372 1150 3454 (infra
1163 3381 1195 3441 2.

107 3478 163 3560 C):
183 3480 211 3540 is
226 3488 343 3541 tractus
358 3478 455 3540 omnis
466 3478 591 3539 themati
603 3480 817 3541 Thraccnsium
827 3489 901 3539 tunc
914 3478 1133 3538 accensebatur.
1154 3476 1198 3535 lis

105 3588 267 3661 pareutum
285 3580 455 3641 conditione
476 3598 539 3641 nou
559 3581 701 3642 habemus
723 3582 807 3662 quod
827 3582 952 3660 liqueat:
989 3580 1069 3662 patri
1088 3593 1198 3637 nomen

105 3680 212 3743 Basilii
231 3681 322 3742 luisse
336 3682 402 3763 ipse
419 3683 461 3741 ait
474 3689 503 3749 2.
519 3683 554 3743 B.
595 3684 640 3743 Ac
652 3683 781 3765 primam
794 3682 915 3763 quidem
928 3682 1087 3741 aetatulam
1099 3678 1132 3737 iu
1146 3697 1199 3759 pp-

106 3780 168 3843 tris
192 3792 408 3863 parentumque
436 3781 592 3864 disciplina
616 3786 739 3847 videtur
760 3782 905 3860 exegism
936 3782 1009 3843 inde
1032 3779 1200 3840 susdierum

108 3902 199 3943 causa
219 3882 507 3965 Constantinopolim
522 3894 666 3967 tanquam
685 3888 723 3947 ad
745 3887 868 3946 domurn
881 3883 1031 3964 quandem
1046 3876 1200 3943 doctrinae

107 3987 271 4067 proiectus,
292 3986 335 4049 ibi
349 4010 375 4049 s.
386 3994 458 4057 966.
473 4008 567 4052 mens.
580 3990 676 4071 April.
692 4008 778 4048 sacro
790 3984 906 4045 solenni
918 3983 1117 4060 Asosusionis,
1136 3989 1200 4040 uio·
1270 4042 1277 4055 ,

107 4098 145 4147 tu
167 4088 309 4170 populari
330 4090 364 4151 in
382 4090 584 4171 Nicephorum
604 4088 724 4167 effecto,
752 4088 962 4170 imperatorem
984 4083 1129 4166 gradatim
1146 4084 1209 4163 per‘

108 4190 212 4251 urbem
234 4191 416 4271 equitantem
435 4194 609 4275 conspexit,
628 4192 829 4274 virtutemque
844 4188 909 4251 eius
927 4186 1063 4333 sequimi
1072 4183 1201 4247 tirinits·

177 4288 232 4345 [ιω
246 4290 385 4347 memus
