2959 4850
261 1019 569 1116 -canoar
604 1023 845 1116 aaran.
878 1025 1067 1118 nasu
1179 1148 1186 1160 ⁴

563 1225 611 1284 IN
635 1227 814 1321 LIBRUM,

368 1381 430 1444 DE
449 1382 777 1450 VELITATIONE
797 1382 1000 1448 annales

177 1544 708 1628 NICEPHORI
769 1546 1193 1628 AUGUSTI

249 1732 399 1801 NOTAE
420 1732 740 1844 rfflnonoelcan
759 1735 821 1803 ET
840 1731 1111 1802 HISTORIGAE.
1194 1815 1199 1826 Ι

576 1963 783 1982 a

221 2163 301 2244 Peg.
325 2167 395 2230 181.
417 2165 526 2226 ΠΕΡΙ
540 2164 836 2228 ΠΑΡΑΔΡΟΜΗΣ
852 2159 1081 2244 ΠΟΛΕΜΟΥ]
1103 2160 1179 2222 Cum
1191 2178 1231 2224 ex
1246 2175 1279 2238 Ρ,
1294 2175 1359 2237 245·
1403 2186 1410 2202 ’

136 2244 277 2306 universo
293 2248 405 2325 libello,
428 2259 494 2308 turn
510 2249 639 2308 maxime
654 2269 693 2308 ex
706 2269 771 2329 cap.
788 2269 831 2310 vr.
843 2257 936 2330 patet,
950 2243 1148 2330 παραδρομὴν
1158 2268 1232 2328 pro-

136 2330 203 2412 prie
220 2351 290 2406 ease,
305 2335 423 2412 quando
441 2334 626 2394 adversarios
639 2333 696 2394 iter
711 2333 853 2393 facientes
866 2355 882 2392 a
894 2334 987 2392 latere
1006 2331 1165 2408 comitaris,
1180 2351 1232 2392 ex-

134 2415 339 2495 ploratoribus
363 2430 392 2479 et
411 2418 654 2501 praecursoribus
666 2415 781 2479 circum
805 2418 896 2495 fusis,
917 2427 953 2478 ut
975 2439 1032 2499 pro
1049 2417 1189 2478 facultate
1201 2426 1233 2477 et

136 2498 238 2561 bootes
261 2524 277 2562 a
297 2504 512 2564 vastationibus
535 2525 650 2581 arceas,
673 2504 765 2564 atrei
788 2504 863 2563 benc
876 2503 1020 2582 gerendae
1036 2504 1232 2579 occasionem,

119 2585 165 2645 ,si
176 2608 207 2646 aa
223 2587 339 2667 offerat,
361 2610 399 2649 na
416 2590 544 2653 amittas.
587 2590 696 2649 Eadem
712 2589 846 2649 bellandi
859 2588 948 2666 ratio,
970 2586 1145 2648 adversariis
1160 2608 1234 2647 con·

137 2670 320 2751 sidentibus,
348 2684 475 2734 vocatur
496 2670 671 2756 nopopomi,
701 2675 772 2741 141.
789 2676 825 2734 l).
849 2675 918 2770 149
941 2673 977 2736 Α.
999 2682 1030 2732 ti
1050 2670 1233 2752 παραμένειν

138 2758 209 2825 141.
228 2759 258 2816 C.
275 2760 310 2817 1).
329 2760 399 2825 144.
416 2762 451 2819 Δ.
466 2759 498 2818 Ι).
517 2761 586 2826 145.
603 2760 637 2819 Β.
653 2760 687 2818 Ι).
719 2758 768 2819 Ad
782 2758 1006 2840 exprimendam
1019 2777 1124 2817 vocem
1135 2780 1235 2839 acapn-

138 2838 237 2924 δρομὴ
253 2864 321 2903 cum
345 2844 438 2903 verbs
458 2848 654 2919 conaeetalio,
677 2848 854 2919 assemano,
876 2842 1061 2918 obanvatio,
1083 2842 1235 2901 iuculclio

137 2932 283 3007 equestria
300 2927 349 3011 (de
365 2949 422 3008 qua
437 2931 470 2990 C.
485 2929 614 2989 Plinium
627 2929 795 2989 Secundum
808 2930 920 2989 librum
935 2926 1088 3007 scripsisse
1101 2926 1234 3003 sciram),

136 3013 310 3093 neutiquam
326 3014 538 3090 satisfacerent,
553 3023 702 3095 postremo
710 3034 814 3073 vocem
830 3013 969 3073 velitatio
980 3011 1063 3090 elegi,
1083 3031 1157 3092 quae
1170 3009 1235 3071 vim

136 3097 193 3173 rai,
216 3108 359 3177 quantum
375 3098 495 3177 quidem
511 3099 614 3157 Latine
630 3098 775 3175 intelligo,
789 3100 881 3179 paulo
896 3098 996 3157 minus
1014 3096 1090 3155 male
1108 3094 1235 3157 reddere

136 3182 303 3245 videbatur.
346 3183 517 3243 Lambecius
537 3185 700 3244 Commeat.
720 3185 757 3244 de
777 3184 853 3265 bibl.
878 3183 958 3242 Gaea.
978 3181 1043 3243 vlt.
1056 3181 1128 3247 432
1143 3179 1235 3239 nimia

137 3270 300 3344 generatim
325 3269 419 3328 vertit
441 3272 490 3327 De
511 3292 544 3327 re
566 3271 714 3345 militari,
738 3269 892 3329 Fabricius
911 3264 1052 3327 Biblioth.
1067 3266 1173 3325 Graec.
1184 3264 1234 3325 vl.

137 3352 210 3418 347.
231 3352 267 3411 ile
287 3354 439 3415 eventibus
461 3354 577 3412 bellicis
593 3366 620 3412 et
634 3357 813 3421 excursione.
857 3353 1047 3431 Quantopere
1061 3349 1235 3409 fluctuarim

136 3438 172 3497 in
195 3458 270 3499 voca
289 3439 449 3515 vertenda,
469 3439 519 3498 vel
541 3460 577 3499 ex
599 3440 722 3499 diversis
739 3437 1037 3520 interpretationibus
1060 3434 1135 3496 meis
1148 3434 1261 3515 patetB

139 3526 211 3589 117.
232 3526 269 3585 Δ.
285 3526 354 3591 125.
370 3524 403 3583 B.
420 3528 490 3591 127.
502 3524 535 3585 B.
550 3526 619 3593 152.
635 3524 669 3587 A.
689 3528 759 3591 157.
775 3525 808 3585 C.

221 3626 301 3702 Pag·
324 3625 394 3691 185.
416 3626 472 3687 lin.
495 3630 544 3691 11.
566 3618 590 3712 pi
612 3621 764 3698 Metetvdc
784 3620 957 3703 iactation]
978 3620 1067 3681 Hunc
1085 3620 1234 3679 Constan-

137 3706 237 3769 tinum
252 3709 421 3769 ‘Melcinum
440 3710 548 3771 ducem
574 3710 778 3791 Cappadociae
798 3730 824 3773 a
844 3712 916 3775 960.
940 3709 1003 3767 sive
1021 3710 1091 3773 961.
1112 3723 1236 3785 operam

137 3792 309 3876 praebuisse
331 3794 424 3853 Leoni
445 3794 560 3855 Phocoe
581 3794 614 3855 in
628 3794 817 3876 expeditione
832 3802 937 3854 contra
952 3791 1176 3851 Chambdanum
1185 3785 1237 3847 vi-

139 3878 244 3939 demus
267 3898 305 3937 ex
327 3880 491 3957 fragmento
514 3879 653 3941 Chronici
672 3879 796 3955 inediti,
817 3878 899 3959 quod
921 3876 989 3936 dedi
1006 3894 1097 3956 cupra
1114 3879 1184 3939 199.
1202 3872 1236 3935 G.

138 3962 281 4025 Variatur
300 3964 333 4023 in
349 3964 496 4045 scriptura
509 3961 677 4042 Μαλεϊνὸς,
698 3962 846 4041 Moatra,
868 3958 1018 4037 Μελεϊνὸς
1028 3970 1059 4019 at
1075 3956 1236 4031 Μελέϊνος.

223 4069 303 4147 Pag.
327 4070 397 4134 186.
420 4069 474 4131 lin.
499 4074 548 4135 12.
571 4068 622 4131 aab
642 4061 803 4149 deperanda
822 4060 978 4211 θεμάτων]
990 4060 1099 4145 ’Ἀκραι
1113 4069 1184 4121 sunt
1196 4058 1239 4117 li-

138 4150 225 4213 mites
243 4152 378 4233 imperii,
402 4158 472 4219 122.
492 4152 528 4213 A.
553 4156 623 4219 128.
644 4152 675 4213 G.
698 4172 767 4231 ergo
783 4146 959 4229 deperient&
974 4172 1051 4229 ματα
1063 4144 1238 4229 provinciae

139 4236 173 4295 in
190 4237 330 4296 extremis
343 4236 454 4297 finibus
469 4236 555 4317 sitae,
577 4238 763 4313 limitatione,
785 4240 856 4303 157.
870 4236 904 4298 Β.
931 4233 1020 4295 Unde
1034 4232 1170 4293 homines
1183 4226 1238 4309 qui

138 4321 403 4383 limites-habitant
427 4318 545 4409 oiepires
560 4333 709 4385 vocantur
723 4328 795 4392 122.
809 4323 847 4384 Ι).

208 4420 262 4475 laea
277 4422 414 4478 Dianoeas.
890 4444 895 4452 ·
989 4406 1033 4471 88
