2959 4850
369 288 603 361 arcurnour
621 290 800 363 ruocau
819 294 913 363 can.
933 292 1006 364 xx
1062 263 1066 268 ’
1152 286 1227 363 241

131 479 249 523 σονται.
292 454 344 521 καί
364 446 484 519 τοότων
504 450 603 530 οῦτως
627 452 810 541 γινομένων,
843 456 882 525 οῦ
902 452 1000 541 μόνον
1018 454 1076 534 τδις
1097 459 1178 537 ἰδίας
1199 462 1230 528 oi

132 558 213 645 ἀγιοι
226 554 317 642 ἡμῶν
338 561 474 639 βασιλεῖς
494 554 686 643 ίκδικῆσονσι
699 556 824 647 χώρας,
851 560 935 628 ἀλλά
952 562 1006 629 καί
1021 555 1126 649 ἑτέρας
1145 564 1230 631 πλεί-

131 686 210 737 στας
222 667 285 728 τῶν
298 660 451 743 πολεμίων
462 657 741 739 καδυπστάξουσιν.
1230 684 1257 740 1>

132 826 219 881 [ΕΦ.
235 819 270 879 τί.
303 821 374 891 Περί
387 820 444 877 τάν
457 817 668 893 morestinus
680 823 821 896 πολεμίων
829 820 902 883 κατά
913 816 965 897 τῆς
973 821 1065 895 κόρας
1077 817 1164 897 ἡμῶν,
1178 825 1231 885 ¹issa

295 904 312 965 δ
325 902 455 980 ἡμέτερος
467 908 584 980 espessia
594 909 666 969 κατά
680 914 730 983 τῆς
746 908 838 985 γάρας
849 909 945 969 oiseis
957 906 1072 986 ίκέλδη.

210 1026 285 1087 Τῶν
303 1011 457 1104 πολεμίων
469 1022 546 1105 μετὰ
562 1020 698 1109 μεγάλης
713 1026 765 1089 καί
778 1027 906 1112 βαρείας
920 1020 1080 1107 δυνάμεως
1097 1022 1154 1101 τάς
1164 1020 1231 1109 χεό-

104 1131 192 1210 5ρας
212 1120 301 1207 ἡμῶν
328 1123 589 1213 περιπολοῦντων,
620 1124 823 1212 έκτριβόντων
847 1152 899 1209 τε,
932 1129 983 1193 καὶ
1006 1124 1227 1218 ἀφανιζόντων,
1246 1146 1278 1201 1².
1297 1146 1348 1204 156

130 1228 183 1292 καί
200 1228 377 1312 πολιορκίας
398 1224 539 1313 κάστρων
556 1226 818 1312 διαμελετιόντων·
845 1229 1084 1317 φυλαττομένων
1098 1231 1149 1311 δέ,
1173 1221 1232 1297 τοῦ
1288 1220 1291 1234 ’

129 1327 175 1413 μὴ
191 1329 276 1415 ιιαρά
293 1336 354 1394 τῶν
365 1326 541 1413 Ῥωμαϊκῶν
555 1329 793 1417 στρατευμάτων
807 1333 1038 1419 ἐνεδρευθῆναι,
1055 1330 1135 1397 ἀλλά
1148 1338 1232 1416 μάλ-

131 1437 187 1497 λον
204 1431 317 1509 αῦταῦς
340 1432 511 1522 ἐνεδρεῦσαι
525 1434 769 1518 μηχανωμένων·
797 1436 885 1520 εἰμὴ
908 1432 1067 1520 ἀξιόλογος
1078 1431 1231 1521 Ῥωμαέιιή

133 1532 263 1618 δύναμις
284 1538 326 1611 είς
341 1534 580 1622 ἀντιπαράταξιν
600 1534 719 1603 τούτων
741 1536 823 1618 έστί,
852 1538 1005 1621 δυναμένη
1027 1534 1156 1613 τοότους
1172 1563 1232 1603 κα-

89 1644 125 1701 10
135 1639 382 1723 ταγωνίσασδαι·
409 1646 501 1704 τοῦτο
517 1643 568 1705 δεῖ
576 1662 627 1721 σε,
657 1631 865 1728 ῶστρατηγδ,
889 1637 1134 1726 διαπράξασθαι,
1157 1638 1232 1729 ὅπερ
1298 1726 1305 1735 x
1422 1686 1427 1695 -

131 1743 183 1806 καί
202 1743 233 1805 ἐν
249 1750 314 1817 τοῖς
331 1740 395 1807 ἀνω
415 1737 540 1828 χρόνοις
560 1742 679 1827 γέγονε,
708 1740 852 1827 saisias}
869 1749 1050 1809 συντεθεῖσα
1064 1765 1232 1829 στρατηγι-

132 1843 171 1927 κὴ
188 1845 298 1926 βίβλος
318 1844 404 1930 παρὰ
426 1852 482 1910 τοῦ
503 1845 646 1929 ἀοιδίμου
661 1846 712 1910 καί
726 1843 911 1933 σοφωτάτω
923 1845 1075 1927 βασιλέως
1090 1847 1234 1923 Λέοντος
1282 1888 1290 1903 ,

133 1942 344 2029 διαλαμβάνει.
386 1936 407 2034 ᾖ
429 1950 481 2013 καί
497 1948 527 2013 οἳ
542 1945 716 2032 ἐντυχόντες
729 1955 840 2036 σαφῶς
854 1947 896 2013 τά
908 1951 976 2034 περί
997 1952 1061 2013 τῶν
1076 1953 1231 2031 λεχθησο-

131 2048 233 2132 μένων
252 2050 437 2117 ἐπίστανται.
486 2050 523 2116 τδ
543 2050 602 2136 γὰρ
624 2050 695 2117 κατ’
720 2051 815 2117 έκεῖνο
837 2056 947 2137 καιροῦ
970 2046 987 2115 δ
1011 2056 1074 2115 τιῦν
1094 2052 1258 2117 Κιλίκωνλλ

91 2150 218 2227 ίῦάπας
239 2153 314 2227 λαός
329 2152 407 2235 μετά
421 2156 550 2239 βαρείας
569 2149 726 2236 δυνάμεως
743 2153 822 2219 κατιλ
837 2158 894 2218 τοῦ
914 2150 1054 2231 δέματος
1068 2158 1131 2217 τῶν
1141 2150 1252 2218 ilva-¹

132 2260 263 2320 τολικῶν
278 2255 428 2337 ἐξελθὼν,
448 2258 499 2321 καί
513 2256 549 2321 τδ
563 2252 697 2343 κάστρον
711 2256 874 2331 Μισθείας
887 2257 1033 2342 σφοδρῶς
1044 2261 1229 2342 πολιορκῶν,
1248 2243 1253 2254 ’

133 2364 179 2445 τῷ
193 2364 358 2442 τηνικαῦτα
373 2357 497 2450 ἀρχηγοῦ
510 2366 566 2425 τοῦ
582 2365 718 2447 προτοῦ
734 2355 751 2426 δ
765 2355 937 2442 βασιλεύων
951 2357 1138 2447 προστίταχε
1146 2407 1157 2439 ,
1173 2384 1232 2442 με-

134 2461 174 2526 τά
188 2468 250 2526 τῶν
264 2458 410 2544 θεμάτων
424 2465 474 2528 καί
488 2461 653 2548 ταγμάτων
667 2462 748 2528 κατὰ
760 2469 816 2546 τῆς
828 2469 891 2528 τῶν
898 2464 1032 2528 Κιλίκων
1040 2458 1149 2549 χώρας
1163 2464 1229 2528 ins·
1239 2473 1290 2533 i'ol.
1302 2473 1355 2536 401
1370 2495 1393 2534 r.

135 2571 338 2650 στρατεῦσαι·
366 2563 421 2631 δόο
439 2566 473 2630 δέ
487 2573 549 2653 τῶν
563 2571 761 2653 στρατηγῶν,
779 2571 837 2632 τοῦ
849 2591 883 2631 τε
892 2562 1091 2630 Ἀνατολικοῦ
1107 2567 1158 2631 καί
1175 2572 1233 2632 τοῦ
1250 2571 1254 2578 ’

90 2666 294 2752 ξοὈφικίου,
321 2663 558 2749 ἀπολείπεσθαι,
586 2675 643 2736 τοῦ
664 2669 744 2757 πρδς
759 2670 929 2753 έκδίκησιν,
957 2663 1000 2744 ὥς
1013 2663 1080 2734 οἷόν
1095 2693 1146 2749 τε,
1175 2675 1233 2734 τοῦ

202 2813 230 2870 5.
256 2809 488 2882 σερεκολοῦντων.
513 2813 585 2868 Fort.
602 2811 831 2883 πορκολοῦνταν.
893 2813 935 2868 1³.
957 2810 1148 2886 διαλαμβάνει.
1170 2813 1232 2869 Vici.

203 2883 298 2936 Leonis
314 2883 418 2936 Tectic.
438 2883 506 2936 inter
529 2883 553 2936 0
573 2901 598 2953 p.
621 2885 719 2938 Maura.
739 2883 804 2943 edit.
820 2882 912 2948 Lami,
929 2881 977 2937 VI.
992 2884 1052 2939 775.
1068 2882 1101 2936 Β.
1117 2889 1146 2938 et
1162 2882 1234 2937 Gou-

203 2953 313 3005 stantiui
326 2953 406 3008 Tact.
422 2953 485 3006 ibid.
502 2901 576 3009 ίδίό.
594 2953 627 3008 C.

133 3087 174 3142 ita
186 3089 350 3154 constitutis,
369 3089 451 3144 saneti
469 3089 642 3159 imperatores
652 3091 734 3148 nostri
746 3107 798 3146 non
809 3087 884 3146 morio
896 3105 955 3144 suss
963 3087 1110 3160 provincias
1123 3087 1233 3144 umus-

136 3163 187 3223 tur,
202 3175 290 3212 vuum
303 3159 380 3212 etism
392 3161 457 3214 sliss
469 3159 598 3232 plurimes,
611 3179 677 3234 quse
688 3163 806 3218 hostibus
817 3161 1010 3232 obtemperes,
1025 3160 1075 3213 sibi
1085 3159 1233 3219 subiicieut.

135 3300 197 3350 (διε.
213 3299 271 3352 XX.
304 3299 342 3352 De
355 3300 515 3362 sdversariis,
532 3303 554 3353 ιΙ
574 3304 661 3353 εἰλοῦσι
673 3304 699 3353 iu
717 3302 817 3367 regione
827 3307 910 3352 nostra
922 3305 1057 3362 morantur,
1073 3303 1101 3350 nt
1112 3300 1232 3351 excretos

461 3377 544 3424 πυτίαι·
562 3374 587 3422 in
606 3375 700 3422 illorum
717 3371 777 3422 fines
788 3376 905 3421 murat.

204 3467 282 3532 Quod
301 3467 324 3522 si
344 3469 433 3524 hostes
444 3489 500 3526 eum
524 3491 614 3543 magno
633 3471 760 3542 gravique
772 3471 886 3525 exercitu
900 3467 1046 3539 provincius
1058 3467 1168 3530 obeant,
1185 3481 1234 3519 re·

133 3543 211 3602 xout,
231 3539 378 3592 exinaniunt
388 3547 504 3606 nostras,
520 3543 681 3597 obsessiones
701 3540 852 3662 oppidorum
868 3540 955 3592 isoers
969 3537 996 3590 iu
1013 3536 1096 3590 snimo
1110 3537 1233 3618 hpbsant,

133 3617 296 3676 caveantque
313 3616 462 3678 praeterea,
479 3629 513 3664 ne
533 3613 565 3666 sb
586 3610 701 3664 exercitu
740 3627 830 3662 omauo
847 3607 951 3661 insidiis
973 3612 1113 3675 petantur,
1130 3603 1233 3672 ipsique

133 3675 221 3748 potius
242 3677 275 3728 ed
292 3677 424 3732 ieciendas
442 3679 481 3733 illi
503 3680 611 3734 insidias
626 3678 718 3732 intenti
730 3679 796 3731 sinte
814 3677 838 3729 si
850 3693 902 3729 uon
916 3674 1025 3728 idoneos
1037 3672 1128 3741 copies
1141 3673 1175 3724 sd
1187 3687 1233 3724 cs·

134 3752 191 3798 stro
206 3755 297 3799 contro
317 3746 437 3802 iacienda
455 3758 607 3820 suppetent,
625 3765 691 3817 ques
705 3747 801 3818 pellere
812 3763 858 3798 eos
868 3743 980 3814 possiutr
997 3740 1061 3794 iliud
1078 3749 1135 3794 too
1169 3746 1232 3804 rtet,

134 3831 152 3868 o
164 3813 225 3880 dux,
239 3815 352 3886 exsequi,
366 3817 433 3886 quod
446 3819 513 3872 idern
526 3819 659 3888 superiore
672 3815 792 3870 memoris
803 3815 898 3867 iactum
908 3819 958 3876 est,
970 3810 1040 3864 sicut
1052 3810 1116 3864 liber
1146 3825 1234 3862 emon·

134 3887 215 3946 strat,
233 3899 306 3952 quem
324 3885 358 3938 de
374 3886 447 3938 duais
460 3888 547 3941 officio
563 3889 633 3951 heo,
650 3887 797 3939 celebratae
808 3881 944 3936 memoriae
955 3879 1148 3960 sepieptisequs
1157 3877 1233 3962 priu-

135 3969 215 4021 ceps‚
230 3953 349 4006 coniecit.
387 3955 470 4018 Quem
487 3957 532 4026 qui
550 3955 677 4026 legerint,
696 3951 830 4025 prseclsre
850 3967 920 4022 quse
941 3950 1038 4002 dieturr
1055 3966 1139 4002 sumus
1156 3945 1234 4002 rute]-

133 4021 226 4089 ligent.
268 4022 316 4076 Ilio
332 4023 399 4076 eninr
419 4033 546 4094 ternpore,
569 4043 626 4079 eum
642 4032 699 4078 tote
716 4023 826 4076 Cilicum
847 4039 911 4090 gens
923 4017 1040 4073 maximis
1058 4019 1141 4100 oopiip
1155 4016 1235 4070 sffer-

134 4089 235 4142 buisset
251 4089 281 4164 in
302 4091 458 4161 provinciam
471 4095 644 4158 Orientalern‚
662 4093 843 4160 castellumque
861 4091 990 4143 Misthese
1000 4103 1096 4140 summe
1110 4103 1137 4140 vr
1151 4101 1235 4155 oppu-

134 4165 243 4281 ξυστοῦ,
260 4159 285 4212 ei
298 4161 341 4230 qui
354 4168 415 4214 αισα
428 4163 554 4216 exercitui
564 4171 685 4232 praeerat
696 4161 828 4216 mandevit
840 4159 998 4228 Imperator,
1014 4162 1044 4209 ut
1055 4171 1113 4208 cum
1122 4155 1236 4236 latereu-

147 4229 169 4279 's
186 4229 349 4298 numerisque
361 4231 388 4283 in
404 4231 511 4284 Cilicum
522 4232 587 4284 flues
598 4249 627 4284 se
642 4232 765 4284 inierretr
782 4229 848 4282 duos
858 4237 943 4281 sutem
955 4226 1049 4289 duces,
1065 4221 1194 4276 Anatolros
1207 4224 1236 4274 ot

135 4297 241 4368 0ptltii
249 4337 258 4366 ‚
275 4304 335 4367 post
352 4315 382 4352 se
393 4300 564 4372 relinqueret,
581 4299 627 4372 qui
636 4299 671 4353 ed
688 4300 842 4356 moon
852 4315 900 4368 pro
912 4297 1037 4350 ineuitste
1048 4291 1180 4345 συστολίσαι
1193 4306 1237 4342 re-

207 4383 261 4436 ίιεο
279 4385 418 4439 Diaconos.
989 4370 1031 4430 16
