2959 4850
249 286 327 364 370
553 294 820 365 LUI'I'PRANDI
839 294 1038 365 memo

248 457 306 521 tite
323 454 417 537 igitur
435 474 552 537 quaeso.
592 448 780 539 Nicephorns
796 476 868 517 cnm
888 456 1027 519 ommno·
1039 452 1182 519 Eoolesi'n
1199 452 1293 520 homo
1308 456 1349 521 sit

247 560 374 643 impius,
404 559 516 633 livore,
543 578 605 640 quo
629 559 738 622 ineos
761 560 910 637 abundet,
938 558 1269 641 Constantinopolitano
1287 562 1347 621 Pa-

246 662 397 724 triarchee
418 662 590 743 proecepit,
612 670 646 721 nt
661 661 886 742 Hydnantinam
905 662 1070 723 Ecclesiam
1089 662 1123 723 in
1138 660 1347 743 Archiepisoo-

245 775 336 847 patna
350 762 496 825 honorem
511 764 625 841 dilatet,
645 784 702 824 neo
712 760 869 845 permittat
882 764 916 823 in
927 763 1010 824 omni
1023 763 1135 845 Apulia
1146 782 1199 824 sen
1210 764 1349 826 Calabria

245 867 351 927 Latine
364 867 502 948 emplius,
517 866 568 927 scd
584 866 697 929 Graece
707 866 810 928 divine
823 866 964 946 Mysteria
978 864 1131 927 celebrari.
1166 866 1348 929 Mercatore·

247 967 323 1029 dicit
335 969 427 1029 inisse
437 968 615 1051 praeteritos
628 968 730 1051 Papus,
744 978 774 1029 et
785 970 930 1049 Spiritum
941 972 1083 1029 Sanctum
1094 968 1274 1046 vendidisse,
1284 988 1347 1048 qno

217 1070 440 1135 Briviiicentur
459 1080 490 1131 et
507 1080 654 1151 reguntur
671 1072 788 1149 omnia,
810 1072 861 1151 qni
872 1071 969 1151 replet
984 1070 1095 1131 Orbem
1106 1078 1272 1147 numm,
1293 1068 1347 1147 qui

247 1173 405 1233 seientiam
416 1172 506 1233 habet
520 1175 619 1252 vocis,
641 1174 695 1254 qui
710 1184 756 1234 est
770 1192 840 1233 cnm
855 1174 916 1233 Deo
933 1172 1022 1232 Patre
1042 1181 1074 1231 et
1089 1168 1166 1233 Filio
1192 1170 1257 1233 eins
1277 1170 1345 1231 isan

247 1272 376 1335 (ihr-isti·
390 1284 579 1353 coaeternus,
599 1285 630 1336 et
652 1274 960 1352 consubstantialiter,
980 1273 1047 1335 sine
1064 1273 1169 1352 initio,
1190 1271 1345 1350 cinctino,

246 1394 425 1457 permanens
442 1398 531 1439 verns
537 1382 616 1459 ,qni
629 1378 726 1459 pretio
739 1398 802 1437 non
817 1377 1000 1454 aestimetur,
1022 1376 1075 1437 scd
1087 1396 1104 1436 o
1116 1376 1239 1437 mundis
1254 1374 1346 1437 eorde

245 1478 324 1537 tanti
347 1480 474 1557 emitur,
494 1482 600 1560 quenti
622 1480 758 1540 habetur.
801 1479 928 1559 Scripsit
945 1479 1049 1559 itaque
1063 1480 1245 1560 Polyenctna
1261 1479 1345 1537 Con·

242 1579 531 1660 stantinopolinnus
556 1580 728 1641 Pstrierche
752 1581 943 1661 privilegium
963 1582 1160 1663 Hydmntino
1180 1582 1352 1661 Episcopo,

242 1690 388 1759 quatenns
403 1702 459 1742 sua
474 1682 653 1743 auetoritste
673 1680 781 1742 habeat
799 1684 950 1744 licentiam
966 1686 1133 1766 Episcopos
1148 1680 1345 1745 consonandi
1431 1686 1437 1701 '

240 1782 276 1841 in
302 1783 480 1861 Acirentils,
511 1784 657 1863 Tutcico‚
688 1784 837 1862 (ironica,
868 1786 1015 1864 Macerio,
1043 1786 1193 1865 tricario,
1221 1783 1275 1866 qni
1303 1782 1344 1843 ad

242 1885 498 1945 consecrationem
515 1884 632 1945 Domini
648 1886 817 1967 Apostolici
830 1891 981 1969 pertinere
998 1888 1151 1950 videntem
1194 1888 1254 1947 Sed
1270 1884 1343 1965 qnid

240 1984 301 2045 hoo
324 2004 502 2061 memorem,
530 2006 600 2047 enm
624 1986 690 2068 ipse
716 1990 1047 2072 consrmtinopolitans
1067 1990 1204 2051 Ecclesia
1222 1996 1343 2049 nostrae

239 2088 365 2147 sancero
384 2089 556 2151 Catholicae
583 2098 672 2170 etque
694 2090 883 2173 Apostolicee
901 2094 1049 2155 Ecclesiae
1064 2096 1216 2154 Romanae
1234 2091 1342 2151 merito

216 2188 288 2277 Coit
308 2190 465 2252 subiectat
487 2192 613 2267 Scimus,
629 2193 720 2252 immo
735 2194 872 2255 videmus
890 2197 1251 2279 constantinopolitannm
1264 2192 1342 2274 Epi·

165 2294 171 2317 '
241 2310 365 2371 scopum
381 2292 473 2373 pollio
496 2314 558 2353 non
574 2294 638 2371 uti,
661 2294 717 2353 nisi
734 2297 836 2356 Sancti
852 2300 950 2360 Patria
967 2301 1065 2360 nostri
1079 2299 1235 2381 permisso.
1278 2296 1341 2357 Ve-

239 2412 309 2458 rum
331 2414 399 2456 cnm
417 2394 612 2477 impiissimus
635 2396 805 2476 ellenricus,
836 2420 924 2480 qoem
942 2425 1006 2464 non
1025 2403 1161 2464 stillatim
1180 2398 1340 2482 cupiditas,

240 2495 293 2556 sed
309 2499 396 2558 volnt
410 2507 528 2560 torrens
549 2500 735 2580 impleverat,
753 2501 917 2565 Romanam
933 2507 1084 2569 civitatem
1098 2506 1156 2567 sibi
1172 2511 1339 2585 usurparet,

240 2599 455 2681 dominumque
477 2600 684 2682 Apostolicum
706 2604 793 2682 queri
824 2625 942 2668 servum
963 2612 1120 2692 proprium
1142 2607 1177 2666 in
1201 2603 1341 2666 conclavi

238 2711 372 2782 teneret;
395 2705 547 2764 Romanus
562 2705 729 2786 Imperator
749 2705 846 2767 fitium
862 2730 949 2770 suum
961 2711 1219 2793 Theophyloctnm
1238 2725 1339 2770 enon·

237 2805 330 2866 chum
356 2805 558 2868 Potriarcham
580 2807 754 2868 constituit:
784 2829 912 2891 cumque
932 2834 1000 2874 eum
1028 2812 1159 2874 Aiberici
1188 2811 1337 2894 cupiditas

236 2925 299 2966 non
320 2909 444 2987 letoret,
472 2909 569 2968 missis
594 2909 623 2970 ei
646 2911 820 2972 muneribus
841 2914 913 2974 sotis
936 2915 1068 2996 magnis,
1099 2915 1213 2991 effecit,
1241 2923 1279 2974 ut
1297 2929 1338 2972 ex

236 3007 334 3086 Papae
367 3011 489 3071 nomine
518 3009 746 3092 Theophylecto
777 3015 968 3078 Petrisrchae
997 3018 1103 3078 literae
1128 3017 1337 3076 mitterentur:

236 3129 295 3187 qna
316 3107 358 3190 ⁸⁹)
380 3113 557 3172 anctoritate
577 3115 749 3195 cumipse,
772 3125 837 3176 tum
858 3138 1045 3180 successores
1061 3119 1127 3180 eins
1146 3119 1255 3197 absque
1272 3116 1336 3175 Pe·-

206 3221 232 3279 1)
240 3229 349 3290 pernm
367 3213 516 3292 permissu
532 3215 629 3294 palliis
646 3224 811 3277 uterentur.
851 3220 898 3279 Ex
914 3241 975 3302 qno
987 3222 1072 3303 turpi
1087 3218 1266 3282 commemio
1287 3216 1336 3279 vi·

236 3313 422 3393 tuperandus
442 3334 507 3374 mos
522 3315 665 3392 inolevit,
687 3327 723 3376 nt
743 3339 807 3378 non
826 3321 923 3382 solnm
944 3323 1150 3401 Petriarohee,
1171 3322 1224 3383 sed
1244 3319 1334 3382 etiam

235 3413 376 3498 Episcopi
399 3417 491 3478 totins
508 3419 649 3480 Graeciae
667 3420 768 3500 palliis
782 3431 916 3485 utentur.
959 3427 1050 3501 Quod
1067 3446 1156 3508 qnam
1173 3423 1335 3486 absurdum

234 3517 293 3595 ait,
315 3539 439 3582 censore
457 3541 532 3602 opus
548 3541 611 3584 non
633 3533 688 3583 est.
729 3525 784 3584 Eet
798 3545 868 3605 ergo
888 3549 986 3589 meum
1002 3531 1178 3606 consilinm,
1199 3536 1335 3589 sanem

232 3621 300 3682 fieri
314 3625 479 3704 synodum,
501 3631 531 3682 et
545 3623 584 3683 ad
597 3625 728 3686 eamdem
745 3629 850 3690 vocori
862 3631 1067 3712 Polymnum,
1089 3631 1168 3712 quod
1184 3627 1332 3701 sivenirs,

233 3733 264 3782 et
287 3719 447 3807 σφάλματα
466 3747 532 3800 ens,
553 3727 651 3787 idest
671 3729 746 3790 vitio
765 3733 901 3812 superins
914 3733 1042 3815 scripta,
1065 3733 1206 3794 cononice
1227 3747 1332 3789 emen-

233 3819 306 3883 dore
324 3828 454 3888 noluerit
460 3849 470 3904 ;
492 3828 574 3906 quod
592 3829 771 3892 sanctissimi
786 3837 921 3894 (lenones
939 3835 1145 3914 decreverint,
1165 3833 1227 3894 fiet.
1268 3830 1332 3892 Voa

230 3921 369 4003 interim,
396 3939 606 4008 praepotentes
629 3935 772 4012 Augusti,
798 3945 835 3995 ut
855 3938 1181 4018 eoepiotis,·inboretc:
1209 3935 1328 4012 efficite,

225 4033 283 4118 ¹ut,
304 4025 333 4087 si
348 4029 427 4089 nolit
447 4031 532 4092 vobis
552 4033 755 4117 Nicephorns,
776 4059 865 4120 quem
888 4040 1032 4102 canonice
1049 4059 1173 4121 arguere
1194 4035 1328 4120 disponi·

262 4225 313 4298 09)
335 4227 409 4285 Fert
424 4245 544 4302 puceu.
567 4231 651 4288 tter.
