2959 4850
231 273 309 349 τοι
487 284 546 353 nn
567 258 868 353 vsnmnrrons
889 282 1072 351 esseron

231 456 335 535 ληιον.
377 448 416 514 σι)
437 449 492 531 μὲν
517 448 549 513 ἐκ
573 452 635 514 τῶν
658 446 789 515 ὄπισθεν
807 447 886 532 μετὰ
906 449 1027 532 πεζικῆς
1049 445 1250 536 παρατάξεως
1268 448 1325 533 τῆν

230 553 407 641 προσβολὴν
420 549 562 635 ποιήσας.
590 550 647 627 τὰς
661 554 695 617 δι’
708 552 816 627 λοιπὰς
829 551 950 631 πεζικιλς
967 549 1069 629 τάξεις
1085 556 1191 618 διελεῖν
1204 552 1267 640 χρὴ
1283 556 1327 629 εἰς

228 654 264 735 ‘dg‘
276 658 413 745 μερίδας,
433 657 484 753 καὶ
498 664 577 740 τρεῖς
590 655 647 737 μέν
660 654 789 720 κατὰτὸ
803 654 901 733 δεξιὸν
913 662 976 721 τῶν
984 658 1136 739 πολεμίων
1149 658 1183 721 ἐκ
1195 658 1327 740 πλαγίου

231 760 344 841 αὐτῶν,
372 768 452 845 τρεῖς
468 758 503 822 δέ
518 757 597 821 κατὰ
612 756 648 822 τὸ
662 754 819 840 εὐώνυμον
830 764 1038 842 καταστῆσαι,
1066 760 1124 844 εἴγε
1139 762 1181 835 εἰς
1192 765 1292 843 μῆκος
1305 754 1327 842 ἢ

228 870 285 929 τοῦ
304 858 401 929 τάπου
423 862 513 937 θέσις
527 860 564 925 τὸ
586 856 704 926 ἑαυτῶν
719 860 874 945 ἄπληκτον
889 866 1080 944 καταστῆσαι
1096 858 1353 948 καταναγκάση,5

202 963 406 1049 θάπεχοάσας
427 960 568 1048 ἀλλήλων
588 960 659 1029 ὡσεὶ
679 960 771 1041 τόξου
792 962 909 1047 βολῆν,
937 961 958 1045 ἢ
978 966 1029 1028 καλ
1050 963 1159 1050 μικρὸν
1179 963 1326 1028 ἔλαττον·

228 1065 327 1152 μάνην
357 1066 547 1155 ἀνεῳγμένην
568 1068 620 1132 καλ
643 1064 822 1154 άφάλακτον
851 1063 1134 1147 καταλιμπάνουσαι
1158 1064 1217 1150 τῆν
1240 1062 1325 1146 ὁδδν,

229 1170 287 1255 τὴν
301 1169 379 1258 πρὸς
395 1170 435 1235 τά
450 1173 544 1235 οἰκεῖα
559 1169 633 1245 τοδς
648 1171 811 1252 πολεμίους
827 1165 1054 1248 διασώζουσαι·
1081 1167 1165 1244 ὅπως
1179 1170 1328 1257 σφοδρυν-

228 1272 325 1340 τάτου
346 1272 450 1349 αδτοΐς
470 1273 662 1349 ἐπιτεθέντος
683 1278 739 1337 τοῦ
757 1273 892 1355 πολέμου
899 1321 910 1353 ,
938 1274 989 1336 καλ
1010 1270 1067 1355 τῆν
1085 1268 1158 1337 δδδν
1174 1269 1326 1359 ἀνεῳγμέ-

231 1404 288 1461 νην
306 1378 520 1464 έρευρέσκεοσι,
549 1378 601 1441 καλ
620 1371 725 1462 άπάτη
750 1382 807 1440 τοῦ
828 1377 1022 1458 διασωθῆναι
1045 1378 1097 1439 καλ
1118 1374 1173 1440 τὸν
1193 1372 1372 1458 πόλεμοκίο

231 1482 389 1565 διαφυγεῖν
410 1480 461 1542 καλ
482 1478 539 1563 τὴν
563 1480 644 1544 idlae
665 1484 866 1561 καταλαβεῖν,
894 1479 1022 1560 έπιβῶσι
1044 1484 1108 1543 τῶν
1127 1479 1247 1559 λ’παων,
1276 1478 1330 1542 καλ
1373 1525 1377 1531 -

191 1606 194 1613 ·
231 1581 276 1646 δι’
294 1582 389 1665 αὐτῆς
405 1580 483 1668 πρὸς
498 1581 599 1669 φυγὴν
613 1578 771 1669 ὁρμήσωσι
779 1630 789 1661 ,
816 1578 916 1664 μάνην
933 1580 1060 1656 ἕκαστος
1075 1580 1131 1664 τὴν
1146 1582 1229 1646 ἰδίαν
1242 1604 1329 1666 περι-

232 1682 411 1767 ποιούμενος
425 1686 588 1771 σωτηρίαν.
621 1688 649 1749 ελ
668 1685 702 1747 δὲ
718 1683 774 1749 σιἰκ
788 1684 929 1767 ἐπίμηκες
944 1680 1144 1767 πεποιήκεσαν
1159 1684 1194 1749 τδ
1209 1681 1328 1748 ἑαυτῶν

233 1787 407 1871 άπληκτον,
436 1786 507 1852 ἀλλ’
532 1784 552 1870 ἦ
574 1792 631 1852 τοῦ
652 1784 750 1851 τδποα
774 1787 864 1863 θέσις
885 1788 1061 1872 κυκλοτερὲς
1083 1786 1160 1851 αὐτὸ
1181 1783 1329 1872 ἀπειργά-

233 1914 310 1956 σατο
318 1940 329 1971 ,
353 1886 415 1976 χρῆ
433 1914 467 1955 σε
481 1889 538 1965 τὰς
560 1888 680 1969 πεζικὰς
697 1884 826 1955 ἱστάντα
846 1887 1030 1977 παρατάξεις
1044 1886 1197 1975 μυράδεν,
1223 1904 1364 1975 napo-15

233 1999 444 2077 σκευασθῆναι
465 1990 582 2067 ταύτας
604 1990 774 2079 προστάξαι
795 1992 873 2079 πρὸς
895 1990 1047 2075 πόλεμον·
1080 1988 1178 2075 μάνην
1199 1992 1250 2071 δέ,
1286 1987 1329 2066 ὡς

206 2096 369 2183 Diespiter,
397 2094 454 2179 τὴν
469 2092 540 2160 ὁδὸν
559 2093 673 2183 άφὲτον
693 2098 744 2161 καλ
761 2094 951 2185 ἀνεῳγμένην
964 2101 1154 2176 καταλιπεῖν,
1182 2092 1238 2179 τὴν
1250 2092 1331 2180 πρδς

232 2200 352 2269 τάῗδια
367 2196 486 2265 τοάτων
500 2198 665 2285 φέρουσαν.
700 2198 779 2283 μετὰ
801 2200 835 2264 δέ
852 2199 888 2266 τὸ
909 2195 1117 2275 διατάξαοθαι
1135 2198 1207 2273 τοὺς
1221 2197 1329 2276 πεζοδς

233 2309 345 2369 τοῦτον
367 2302 421 2369 τὸν
443 2299 557 2389 τρόπον
563 2350 574 2383 ,
601 2307 854 2388 παραπληκεῦσαι
877 2312 942 2379 τοῖς
961 2304 1115 2383 πολεμίοις
1134 2297 1325 2389 προστάξεις,

235 2406 285 2469 καλ
301 2404 384 2492 παρὰ
401 2408 442 2481 εἷς
455 2411 577 2488 πλῆθος
592 2403 712 2490 ἀνάψαι
726 2402 835 2472 πολλά.
871 2407 903 2471 ἓν
917 2406 1023 2498 persidi
1036 2401 1148 2492 ἑκάστη
1160 2400 1372 2492 παρατάξειω

216 2571 224 2600 ·.
236 2515 298 2588 τῶν
313 2510 408 2587 πεζῶν
427 2510 477 2572 καὶ
490 2507 624 2594 άρχοντα
636 2507 837 2593 καταστήσεις
849 2517 912 2575 τῶν
920 2511 1082 2595 χρησίμων
1098 2512 1149 2574 καὶ
1164 2508 1327 2594 άνδρεέων·

233 2611 291 2676 σδν
314 2609 419 2686 αὐτοῖς
440 2611 474 2676 δι’
492 2610 590 2688 ἱππεῖς
610 2611 641 2677 ἓν
661 2619 718 2704 μιᾷ
735 2609 848 2700 ἕκάστη
862 2610 1048 2698 παρατάξει,
1076 2613 1108 2676 έκ
1123 2618 1185 2677 τῶν
1200 2610 1329 2677 ὄπισθεν

13 2736 18 2747 ’
71 2721 121 2770 iol.
135 2713 187 2772 407
204 2733 227 2768 l·
236 2713 432 2797 ἱσταμένους,
460 2711 517 2798 εἷ’γε
531 2717 581 2778 καλ
595 2711 611 2779 ὃ
625 2723 724 2802 χῶρος
738 2718 863 2781 δίδωσιν
868 2764 879 2799 ,
907 2715 1033 2799 ἔχοντας
1047 2713 1199 2801 ἆρχηγοῦς
1213 2712 1330 2801 ἄνδρας

234 2814 420 2904 ἀξιολόγους.
466 2817 636 2884 πείθεσθαί
660 2843 693 2884 τε
717 2819 822 2896 αὐτοῖς
843 2803 1024 2908 προστάξεις
1045 2821 1096 2882 καὶ
1124 2818 1246 2884 ἅπαντα
1274 2816 1328 2882 τὸν

119 2923 149 2974 Ρ·
168 2921 218 2977 165
235 2921 310 2986 λαὸν
325 2927 388 2986 τῶν
406 2921 532 3001 πεζικῶν
545 2917 670 3000 τάξεων.
702 2922 781 3007 μετολ
800 2923 882 2990 δὲτὸ
903 2921 1003 2998 οὕτως
1022 2926 1371 3009 παρασκευασθῆναι,ἰὸ

236 3053 338 3122 oportet
356 3048 479 3102 adversus
494 3049 551 3104 illos
572 3049 598 3104 in
620 3051 687 3104 hunc
710 3051 820 3105 modum.
853 3053 929 3106 Tua
948 3059 1088 3120 tergocum
1100 3048 1215 3120 pedestri
1222 3047 1280 3101 acie
1290 3046 1329 3100 si-

236 3136 289 3188 gne
307 3117 412 3172 inferes.
453 3119 576 3189 Reliquos
598 3121 730 3190 pedestres
749 3139 866 3176 numeros
883 3122 1003 3176 distribui
1017 3120 1155 3191 oportetin
1170 3125 1258 3188 partes
1272 3133 1329 3182 sex,

235 3197 405 3260 tresqueper
425 3187 553 3256 obliquum
576 3207 592 3241 e
611 3189 702 3243 dextro
721 3189 803 3243 latere
823 3191 949 3257 hostium,
964 3195 1019 3244 tres
1035 3209 1069 3243 ex
1079 3188 1181 3242 sinistro
1193 3185 1287 3250 locari,
1305 3185 1330 3238 si

236 3255 339 3325 quidem
356 3273 400 3308 eos
421 3263 513 3309 neture
530 3257 581 3308 loci
599 3267 685 3312 cestro
705 3259 732 3311 in
754 3259 937 3330 longitudinem
955 3259 1087 3329 porrigere
1109 3255 1210 3325 coegit:
1232 3255 1331 3307 distent

236 3332 320 3380 autem
339 3325 388 3377 hac
401 3326 470 3377 scies
483 3325 552 3378 inter
569 3343 597 3378 se
609 3329 682 3397 quusi
694 3327 806 3397 sagittae
817 3329 926 3395 iactum,
943 3337 988 3383 sut
1000 3329 1076 3398 poulo
1088 3327 1183 3391 minus,
1200 3325 1331 3393 solemque

235 3403 350 3464 apertum
373 3399 399 3446 et
415 3393 595 3447 incustoditum
615 3395 761 3466 relinquant
783 3399 849 3451 viem
871 3400 956 3466 illem,
975 3417 1027 3470 que
1047 3397 1080 3451 ed
1092 3395 1200 3467 patrium
1210 3394 1331 3448 sulutem·

121 3507 125 3532 ,
235 3480 286 3533 quo
295 3463 438 3516 adversarii
452 3463 587 3534 pervenire
598 3466 711 3534 possint:
729 3474 768 3530 ut,
785 3467 907 3522 acerrimo
921 3469 1019 3538 impetu
1029 3466 1057 3520 in
1070 3485 1114 3519 eos
1125 3467 1211 3528 iacto,
1222 3472 1250 3516 et
1261 3463 1332 3515 vlam

236 3541 350 3602 epertem
367 3533 513 3598 invenient,
531 3539 558 3586 et
569 3551 617 3605 spe
629 3533 695 3588 ielsu
709 3534 822 3603 inducti,
840 3557 868 3590 se
884 3538 1020 3591 incolumes
1031 3552 1140 3606 pugnem
1151 3535 1270 3603 effugere
1283 3533 1332 3584 do-

234 3619 353 3672 mumque
360 3604 498 3673 pervenire
503 3621 589 3686 posse,
598 3607 744 3658 conscensis
752 3607 824 3676 equis
831 3625 864 3661 ee
873 3609 952 3678 lugeo
963 3626 992 3661 se
1004 3607 1170 3668 committent,
1177 3612 1332 3674 ‘tentumque

234 3688 298 3724 sune
314 3671 423 3742 quisque
436 3672 526 3725 salutis
542 3673 665 3727 rationem
680 3675 783 3730 hebent.
818 3676 848 3730 Si
860 3696 911 3730 non
921 3678 949 3730 iu
958 3676 1144 3744 longitudinem
1161 3675 1333 3742 porrexerunt

234 3747 333 3806 castre,
352 3743 398 3796 sed
410 3741 522 3796 locorum
536 3741 601 3795 situs
614 3745 759 3799 orbiculato
776 3762 807 3800 ee
821 3745 925 3812 effecit,
946 3753 1050 3816 oportet
1069 3751 1099 3797 te
1111 3743 1245 3812 pedestres
1262 3741 1332 3793 scies

235 3808 399 3864 circumcirca
415 3811 582 3865 collocantem
591 3811 695 3880 iubere,
712 3820 743 3867 ut
760 3814 793 3868 ad
806 3833 955 3886 pugnsmse
969 3819 1075 3884 petent:
1093 3813 1174 3866 solum
1186 3819 1286 3873 eutem,
1302 3813 1333 3860 ut

235 3873 382 3942 docuimus,
398 3878 461 3931 illud
474 3879 526 3934 iter
537 3881 644 3936 liberum
657 3889 684 3936 et
700 3891 816 3954 apermm
826 3886 980 3955 relinquere,
1000 3882 1112 3953 quodsd
1129 3881 1332 3934 adversariorum

235 3946 300 3999 fines
319 3947 399 4000 ducit.
434 3948 573 4021 Postquam
593 3952 734 4020 peditatum
754 3953 781 4005 in
797 3955 866 4007 hunc
886 3954 986 4006 modum
1001 3950 1168 4013 instruxeris,
1191 3949 1251 4002 iube
1274 3964 1333 4000 eum

236 4032 287 4068 nou
315 4017 405 4086 procul
434 4017 467 4068 elr
491 4019 609 4076 loeutus
628 4022 774 4088 considere,
801 4024 808 4038 ⁸
847 4041 926 4094 esque
949 4039 1041 4090 magno
1062 4037 1166 4076 numero
1184 4017 1332 4070 accendere.

235 4085 318 4137 Porro
339 4085 366 4136 in
379 4087 531 4170 unaqueque
552 4089 668 4158 pedestri
680 4091 736 4144 scie
748 4109 812 4161 prae
824 4100 906 4146 ectum
924 4092 1066 4144 constitues
1078 4090 1185 4159 probum
1198 4094 1225 4138 et
1240 4086 1333 4137 fortem

234 4153 331 4207 virum:
348 4155 409 4207 item
421 4171 478 4208 cum
490 4154 542 4209 ulis
553 4159 655 4228 equites
669 4159 827 4229 edeingnlns
838 4164 925 4225 ecies,
943 4161 989 4230 qui
1002 4177 1018 4212 e
1030 4169 1106 4228 tergo
1119 4157 1231 4218 subsint,
1251 4153 1333 4222 siper

232 4222 314 4277 locum
336 4223 412 4289 licet,
430 4237 486 4279 cum
502 4225 610 4280 ducibus
624 4229 731 4282 idoneis.
766 4231 815 4284 His
829 4233 1008 4300 obtemperare
1019 4228 1120 4282 iubebis
1132 4241 1217 4278 omnes
1229 4221 1333 4284 milites,

234 4291 310 4347 etiem
322 4293 491 4365 'pedestrium
508 4295 628 4351 suerum
669 4300 720 4352 llis
736 4299 775 4355 ite
790 4300 992 4365 administratis,
1017 4299 1100 4369 deligi
1116 4299 1220 4366 oportet
1240 4291 1334 4346 velites
1372 4367 1376 4373 .
