2959 4850
726 58 745 100 ρ
791 65 794 72 .

241 274 346 350 ·444
613 284 651 354 C.
670 286 705 355 Β.
726 282 843 357 nasu
858 284 1011 357 Norae

270 444 360 507 finem
379 463 483 509 veram
495 442 584 507 habet
599 442 688 525 lsaeo,
696 444 805 549 Q
825 464 933 511 manua
950 436 1089 529 Ἰηρίφη
1104 440 1131 528 sl
1145 450 1286 532 καροὸοα
1302 448 1353 531 βι-

160 548 191 603 l’.
206 548 258 607 217
274 554 345 634 βίος
359 552 456 637 οίκείμ
469 551 543 635 χειρί
558 546 677 634 Νικήτα
696 561 810 617 conob.
837 552 882 627 (la.
899 572 926 613 e.
945 554 1230 635 κρωτοσκαδαρίου)
1244 553 1296 617 καί
1307 575 1354 637 γε.

270 632 392 721 μονότος
413 633 478 720 (hio
500 637 602 717 priore
621 638 772 719 scriptura
792 638 831 699 do
851 635 999 697 industria
1021 655 1103 695 eraoa
1122 637 1289 699 interlitum
1309 649 1355 699 aot

269 741 361 782 manu
379 741 437 781 sec
459 722 654 805 δρουργαρίοο
670 727 726 786 τοῦ
740 724 870 803 κλοΐμου
886 720 957 803 [sicz
978 719 1113 799 sequitur
1133 722 1216 782 locas
1232 724 1354 783 lacera-

269 804 353 888 tne])
366 801 384 847 *
395 802 503 884 όντου,
532 801 666 886 α’δείφοῦ
685 807 768 889 [inde
779 827 885 867 manus
903 804 1013 887 prima]
1035 802 1161 887 Megala
1182 808 1355 890 πατρικίου,

269 893 474 973 πραετεοοσίτου
490 890 541 954 καί
559 890 681 973 βίοτου,
701 885 859 1001 ρρρουότος
876 891 1145 973 κροτοβεστιαρίου
1162 886 1353 975 Νικηφόρον,

269 980 326 1038 τοῦ
341 976 529 1058 φιλοχρίστου
542 972 705 1040 δεσπότου·
727 998 814 1050 ουτος
827 969 922 1038 ου’τοῦ
934 974 969 1039 lu
980 978 1024 1059 τρῖ
1037 975 1226 1059 δεσμωτηρίῳ
1240 970 1354 1057 Ἀφρι-

268 1063 341 1141 τῆς,
361 1060 434 1141 μηνί
446 1062 636 1146 Σεπτεμβρίμ
653 1060 709 1123 tvo.
722 1056 758 1125 s'·
777 1057 829 1123 καί
846 1053 976 1140 ἐπεδόθη
990 1059 1023 1123 ἐν
1034 1063 1078 1144 τῷ
1090 1063 1184 1145 sopio
1201 1059 1281 1133 [inde
1295 1060 1355 1119 dc-

268 1164 329 1205 nuo
346 1165 451 1205 manus
466 1146 612 1223 secunda,
634 1145 722 1205 erasie
740 1155 803 1206 arte
820 1144 982 1225 prioribus]
998 1147 1038 1207 οὖ
1051 1142 1140 1228 οἱμίου
1158 1143 1209 1205 καί
1226 1138 1353 1219 ἐνδόξου

268 1224 527 1313 μεγαίομόρτυρορ
542 1232 690 1313 Πυρρίου
703 1234 759 1293 τοῦ
771 1225 908 1310 Ὅριοίεου
922 1224 1010 1312 [aic],
1030 1226 1160 1308 κίρσίου
1170 1223 1354 1311 Θεομόρφου

269 1312 343 1394 [sict
369 1315 505 1394 sequitur
520 1334 610 1375 namu
626 1313 734 1395 primo]
750 1313 784 1378 ίυ
804 1314 862 1377 ἔτει
875 1308 987 1397 ,ςυοθᾏ
1006 1313 1063 1375 lvd.
1080 1306 1126 1374 ιδ’.
1169 1312 1276 1389 Video,
1293 1333 1352 1393 pro

268 1398 389 1459 nomine
405 1398 563 1476 ecclcsiae,
585 1400 636 1459 cui
653 1400 717 1480 ipse
733 1399 851 1459 Nicetes
865 1398 1003 1457 codicem
1018 1417 1035 1456 a
1053 1396 1244 1477 rescriptum
1260 1399 1353 1457 obtu-

268 1482 345 1543 leret
350 1529 359 1561 ‚
381 1504 491 1543 nomen
501 1484 638 1561 alterius,
657 1504 748 1564 penes
760 1504 848 1563 qnam
861 1484 1007 1563 posterius
1021 1481 1238 1557 asservabatur,
1259 1481 1353 1541 fuisse

269 1568 471 1629 substitutum.
517 1570 623 1628 Totam
642 1568 889 1647 subscriptionem
908 1566 1052 1627 dederunt
1072 1565 1133 1626 iam
1153 1565 1354 1625 Montefalco-

268 1651 336 1711 niue
349 1652 559 1733 Palaeograph.
576 1653 626 1718 45.
641 1655 675 1711 Δ.
692 1661 721 1711 ot
739 1653 928 1712 confectores
943 1650 1074 1728 catalogi
1093 1670 1160 1710 mss.
1173 1649 1352 1711 bibliothec.

268 1736 339 1813 lleg.
353 1736 391 1797 11.
407 1736 458 1803 74.
473 1737 507 1797 D.
522 1738 564 1796 ita
577 1746 692 1813 tumen,
712 1746 747 1797 ut
761 1736 849 1797 aliter
861 1737 993 1814 legerent
1006 1745 1094 1814 atque
1107 1754 1161 1815 ego
1175 1734 1208 1793 in
1222 1734 1353 1794 minimis

268 1820 460 1901 quibusdam,
481 1840 556 1901 quae
571 1821 648 1881 tanti
662 1841 725 1881 non
737 1831 809 1881 suut
823 1830 859 1881 ut
875 1820 927 1881 hio
943 1821 1119 1884 referantur.
1161 1818 1275 1895 Annus,
1291 1839 1353 1898 quo

241 1906 422 1986 Bperaratus
445 1916 490 1965 est
509 1906 624 1983 Codex,
652 1906 785 1967 exoumit
802 1906 836 1965 iu
855 1904 1008 1966 ailbricti
1028 1910 1105 1972 9672
1133 1923 1192 1983 quo
1212 1904 1354 1964 ecclosias

269 1986 414 2066 donatus,
440 1989 475 2048 in
495 2010 522 2051 a.
542 1996 613 2057 971.
631 2000 834 2069 monstratque
848 1990 1014 2069 comptum,
1036 1986 1119 2049 huno
1133 1988 1267 2049 Nicetam
1281 1988 1352 2048 lna-

267 2082 367 2135 ratum
382 2073 472 2135 fuisse
486 2094 613 2154 suaeque
630 2075 749 2153 linguae
763 2094 888 2154 gnarum
904 2075 1071 2135 hominem:
1095 2071 1182 2133 cuius
1194 2074 1221 2133 si
1235 2082 1352 2132 tantum

268 2179 301 2218 ee
314 2159 490 2219 declarasset
500 2158 650 2237 ingenium
661 2160 740 2219 bello
753 2160 898 2236 obeundo,
920 2168 1033 2239 quanta
1043 2158 1077 2216 in
1091 2157 1201 2217 Codice
1212 2177 1353 2237 pes-gran

268 2244 300 2305 di
318 2244 466 2303 exarundo
485 2244 581 2304 eluxit
599 2244 760 2326 patientia,
789 2264 846 2305 nae
866 2244 941 2305 bene
957 2253 1025 2303 tum
1045 2243 1186 2303 Romanis
1203 2244 1237 2302 in
1250 2242 1352 2302 Sicilia

267 2328 372 2390 fuisset
383 2328 561 2389 conaultum.

266 2497 311 2558 ω
351 2410 506 2564 ιρρρι
525 2418 575 2482 20·
601 2406 719 2497 οιοι
742 2410 800 2498 ιο
822 2412 903 2482 κο.
928 2408 1081 2498 σοοε]
1109 2409 1249 2494 μου
1271 2408 1351 2491 ιο-

312 2517 359 2558 am
415 2543 422 2558 .
461 2543 469 2559 .

350 2581 427 2644 leod.
449 2583 503 2644 lin.
525 2586 575 2650 21.
597 2576 741 2670 ἆίίοκότμ
764 2576 965 2667 συμβόμοτιι]
992 2581 1050 2644 Ηίο
1075 2581 1176 2644 delicit
1206 2579 1353 2642 combefi-

265 2667 349 2728 aiana
369 2669 483 2744 versio,
498 2669 569 2746 Pagi
580 2667 629 2728 [v.
649 2671 698 2734 13.

349 2756 429 2832 Peg.
445 2757 495 2820 68.
516 2754 570 2812 lin.
592 2752 621 2819 4.
651 2751 761 2816 ἔσεισεν
772 2750 792 2816 δ
805 2749 881 2828 fiodo
895 2750 979 2835 μίγα]
1000 2750 1113 2812 Hicest
1124 2759 1219 2811 terrm
1236 2757 1348 2827 motus,

268 2856 355 2916 quem
377 2837 525 2899 Cedrenm
539 2836 576 2897 11.
596 2841 667 2904 660.
683 2838 719 2898 1).
735 2837 876 2897 accidisse
897 2837 941 2897 ait
955 2837 1062 2896 indict.
1078 2835 1178 3000 rada.
1198 2833 1348 2913 968.]1v.

265 2921 345 2983 Nou.
360 2921 524 3002 septembr.
539 2921 614 2982 hora
628 2921 724 2982 noctis
740 2920 939 2982 duodecim.-
959 2941 1029 2982 nam
1046 2941 1102 3000 pro
1163 2920 1286 2978 incuso
1298 2938 1348 2978 re·

265 3007 356 3066 stitue
372 3003 412 3088 ιβ
417 3053 426 3085 ,
448 3027 486 3068 ex
498 3005 623 3068 Gedreni
635 3015 665 3066 et
679 3007 826 3088 Scylitme
841 3007 933 3071 Codd
948 3027 1016 3066 mss.
1029 3005 1121 3065 l’anlo
1135 3013 1220 3080 ante,
1242 3022 1350 3082 nempe

264 3091 364 3171 pn'die
382 3093 457 3154 Non.
475 3092 541 3152 lun.
561 3090 652 3152 huius
673 3113 703 3152 a.
719 3096 798 3170 968,
819 3089 1108 3170 Constantinopolim
1122 3097 1246 3151 venem
1259 3088 1349 3147 Luit-

263 3175 413 3255 prandus,
435 3176 554 3236 Ottonia
573 3173 672 3254 Magni
687 3176 727 3236 ad
739 3176 940 3256 Nicephorum
957 3177 1088 3255 legatus,
1106 3183 1144 3234 ut
1163 3172 1228 3253 ipse
1245 3181 1349 3233 auctor

265 3268 311 3318 eat
322 3261 418 3338 Legat
433 3260 471 3320 ad
481 3258 606 3340 Niceph.
626 3257 715 3323 Plaoc.
735 3261 805 3327 135.
821 3261 855 3321 B.
882 3260 1034 3335 Quantum
1045 3259 1085 3318 ad
1097 3259 1257 3320 dictionem
1272 3256 1303 3317 la.
1316 3257 1351 3337 l.,

266 3343 333 3404 fona
346 3343 517 3404 imitationis
530 3343 581 3403 laic
596 3362 716 3424 quoque
730 3354 775 3404 est
788 3343 927 3424 Agathino
940 3345 990 3411 51.
1007 3345 1039 3407 (2.
1057 3345 1093 3406 l).

349 3427 427 3490 leid.
449 3429 503 3490 ίιέι.
524 3432 554 3495 9.
574 3427 680 3491 Atreo
696 3425 730 3491 δὲ
747 3434 804 3508 τῆς
815 3425 962 3509 τοσαότης
976 3423 1113 3508 ἐνόσεοος]
1134 3425 1215 3488 Haec
1230 3445 1350 3508 quoque

239 3522 307 3577 cex
319 3512 444 3593 Agathia
459 3516 508 3581 52.
522 3513 555 3572 B.
570 3522 616 3592 et,
635 3512 688 3572 ubi
702 3511 810 3574 similia
825 3514 862 3574 de
881 3513 976 3574 causis
994 3522 1090 3574 terrac
1106 3521 1257 3589 motuum,
1280 3512 1351 3579 149.

265 3599 299 3661 Β.
317 3620 352 3658 ac
368 3600 438 3666 151.
447 3599 482 3659 B.
501 3598 603 3677 Neque
617 3597 673 3656 ulia
686 3599 749 3658 iere
763 3599 924 3680 explicatio
937 3608 1034 3659 terrae
1047 3606 1185 3658 motuum
1197 3597 1231 3656 in
1240 3596 1351 3656 Codice

265 3685 356 3763 Regio
370 3683 495 3765 physica
507 3704 541 3743 ac
553 3683 690 3743 botanica
702 3684 785 3743 varia
796 3705 865 3744 mss.
878 3681 1058 3744 continenti:
1078 3680 1111 3745 ‘0
1122 3678 1242 3763 σεισμός
1254 3675 1351 3754 οὕτως

265 3769 393 3852 γίνεται·
407 3765 431 3850 si
444 3772 486 3850 μῆ
501 3768 559 3848 ἔχει
571 3765 683 3848 φλέβας
693 3761 844 3852 οίεριακοίς,
857 3769 935 3832 ἔνθα
941 3769 974 3831 σί
986 3764 1091 3848 ίίνεμοε
1106 3761 1350 3848 renovationes.

267 3853 329 3916 Καὶ
345 3851 483 3999 είοροιριίν
496 3853 530 3916 ἐν
539 3856 578 3960 'll
590 3853 698 3940 καρδίᾳ
712 3857 767 3934 τῆς
776 3852 918 3936 γῆςείσίυ
927 3857 1062 3915 πλατεῖαι
1072 3851 1124 3914 καί
1139 3845 1303 3934 εδρόχωροε
1318 3849 1352 3911 oi

266 3937 374 4018 φλέβες
430 3960 487 4013 ται,
501 3960 576 4000 κατα
591 3935 624 4000 δὲ
635 3934 692 4018 τὴν
705 3935 782 4018 ὄψιν
794 3942 849 4019 τῆς
860 3943 917 4020 γῆς
931 3935 989 4000 είσί
999 3937 1155 4000 στενωποί.
1187 3931 1351 4015 Πληθομί-

265 4045 328 4084 oue
346 4017 449 4084 ίοιττδν
468 4025 530 4083 τοῖν
545 4024 666 4126 φίεροδν
688 4022 811 4085 ἐκείνου
832 4016 963 4103 όυίμοις,
976 4026 1115 4084 κινοῦσιν
1128 4020 1161 4083 ol
1172 4017 1279 4100 ίίυεμοι
1293 4020 1352 4081 τοῦ

264 4104 436 4187 ίξίρχεσδαι
450 4105 513 4180 ἔξω.
527 4109 629 4179 Ποίυς
644 4101 729 4169 dicio
744 4105 762 4172 ό
776 4101 1083 4188 όντμοςσυεταρόττει
1095 4110 1198 4168 πᾶσαν
1209 4101 1267 4184 τήν
1276 4107 1352 4183 aolu-

265 4189 426 4265 σιάζουσαν
440 4194 509 4270 γῆν,
518 4183 556 4252 oei
567 4188 713 4253 πασσυδί
726 4188 784 4273 τήν
825 4196 868 4268 ”se
876 4187 952 4255 etad
964 4185 1119 4272 μόνοντίρν
1132 4186 1353 4273 παρακειμένην

265 4275 368 4342 latus.
390 4273 453 4340 Καί
464 4267 552 4358 μήτις
564 4267 676 4362 οἰκιστῇ
683 4279 781 4342 τοῦτο.
799 4215 875 4344 lla}
883 4273 999 4362 palpatui
1013 4275 1047 4342 ίυ
1054 4268 1287 4360 ἤμίκρίυεταετδ
1295 4293 1351 4336 αα-
