2959 4850
241 314 319 389 586
440 316 676 389 EXCERPTA
693 316 757 387 EX
776 316 947 387 mston
969 316 1153 387 tunultu

246 503 330 557 cena,
356 482 446 543 ineoia
467 477 675 540 tantammodo
697 476 814 538 colonia
831 496 930 537 eea-cre
949 486 981 538 et
1002 478 1115 558 colera;
1143 478 1241 539 citet-o
1262 496 1343 539 anno

246 606 278 648 ac
289 584 456 649 rediturum
476 590 507 643 ct
520 583 619 663 [rupea
634 590 893 663 comportatum
907 600 980 643 cetu

693 684 715 743 1.
794 727 801 742 .
882 726 890 743 .

330 792 443 853 Eodem
456 806 534 848 anno
548 684 759 868 expugnabarit
770 686 882 847 briici
896 806 995 848 arcam
1007 786 1119 862 Dulce,
1138 783 1270 863 olimque
1281 790 1346 843 tre·

246 913 361 955 circum
373 914 465 954 arcet.

335 993 477 1053 Eiusdem
498 990 569 1051 anni
583 992 698 1053 decimo
717 1010 818 1052 menae
838 990 1012 1052 auferebant
1027 985 1118 1048 iidem
1138 984 1292 1068 captivum
1306 1006 1346 1046 cx

244 1095 318 1156 urbe
330 1096 469 1175 Manbeg‚
496 1092 544 1153 cui
562 1105 713 1175 praeerat,
735 1092 976 1155 Abu-anam
989 1091 1143 1167 Enetum,
1164 1088 1262 1149 filium
1276 1088 1345 1147 Sei·

245 1196 295 1277 di,
316 1198 372 1259 filii
386 1196 542 1260 flantem.
557 1196 586 1279 *J

688 1299 710 1362 l.
727 1300 750 1361 l.
768 1320 798 1381 p.
812 1299 885 1366 481.

244 1408 247 1417 ’
330 1402 443 1465 Eodem
459 1423 538 1463 anno
555 1402 587 1480 (i.
600 1422 625 1462 e.
641 1402 779 1480 ccum,
802 1402 855 1483 qui
869 1399 917 1462 die
930 1408 972 1470 29
985 1403 1046 1462 Ian.
1060 1399 1097 1462 A.
1111 1398 1180 1460 cm.
1196 1400 1259 1484 963
1275 1416 1344 1457 coe·

244 1501 303 1587 pit)
331 1505 509 1566 occiderunt
528 1506 634 1565 Graeci
655 1524 744 1566 auum
760 1506 971 1585 imperatorem
989 1507 1167 1578 (Romanum
1182 1494 1343 1584 iuniorem)

244 1606 330 1686 eique
351 1607 444 1667 alium
464 1608 672 1687 aubrogarunt.
715 1608 793 1667 Tum
811 1607 891 1668 filiun
909 1603 1141 1667 Sobcmeacbkik
1154 1597 1342 1685 (trimum)

243 1709 338 1772 evasit
354 1709 549 1772 Domcaticut.
564 1708 613 1785 Η)

697 1812 755 1876 1.1.
769 1832 799 1893 p.
813 1811 886 1879 483.

328 1911 416 1975 Anno
436 1910 571 1974 CGGLW
585 1910 662 1996 (qui
682 1912 730 1973 die
747 1913 842 1979 61an.
860 1916 896 1975 t.
912 1912 982 1974 chr.
1000 1910 1064 1979 965
1084 1906 1205 1993 coepit)
1229 1908 1343 1968 Roma-

164 2050 167 2062 ·
244 2034 303 2077 uut
321 2013 484 2096 imperator
499 2013 699 2101 (Nicephorua
717 2014 844 2098 Phocea)
860 2037 971 2078 corona
994 2016 1092 2075 cinxit
1106 2024 1136 2074 et
1148 2012 1269 2072 tandem
1286 2030 1344 2069 cx·

245 2118 394 2201 pugnavit
414 2118 569 2197 Maricam,
596 2118 645 2178 dic
669 2119 806 2194 Saturni,
836 2118 950 2179 decimo
973 2118 1063 2179 tertio
1086 2113 1205 2194 acptimi
1223 2110 1342 2189 meuaia,

246 2228 277 2281 ct
289 2229 482 2303 posteaquam
497 2221 596 2301 gladio
613 2222 646 2280 in
662 2219 776 2280 incolae
788 2219 994 2299 desaeviiaeet,
1015 2220 1157 2303 parcebat
1173 2214 1299 2305 reliquia
1313 2220 1344 2273 et

247 2324 381 2404 captivos
398 2342 497 2383 tecum
514 2326 546 2383 in
566 2323 711 2383 ditionem
731 2343 814 2382 cuam
830 2325 973 2405 rapiebat.
1016 2324 1150 2383 Ducenta
1171 2318 1233 2378 fere
1248 2314 1342 2375 millia

244 2423 401 2486 hominum
414 2428 587 2487 numerabat
602 2427 683 2490 urbe.
727 2426 801 2488 Inde
817 2429 902 2508 petiti
918 2427 1074 2488 Tarteneea
1086 2446 1118 2484 ac
1131 2418 1343 2481 submittebant

246 2535 293 2601 et,
314 2525 519 2588 incolumitate
533 2529 671 2609 precibus
683 2527 860 2608 impetrata,
883 2529 1025 2608 emigrare
1040 2527 1114 2588 iusti
1128 2533 1207 2588 sunt.
1250 2521 1343 2581 Terra

244 2625 381 2708 marique
395 2630 604 2708 emigrantibus
614 2639 831 2711 prosecutores,
844 2651 861 2688 a
874 2631 982 2710 quibua
995 2630 1028 2689 in
1041 2639 1105 2688 tute
1120 2629 1186 2688 loca
1207 2625 1343 2685 deduce-

216 2799 222 2812 ·
245 2739 368 2809 rentur,
398 2753 415 2789 a
434 2733 566 2793 Romano
589 2752 684 2812 utque
706 2731 745 2790 ad
766 2731 959 2792 Antiochiam
983 2733 1086 2792 additi.
1129 2729 1214 2790 Tarai
1238 2729 1343 2789 fanum

245 2839 321 2891 tunc
335 2833 368 2892 in
382 2833 533 2894 eubulum
549 2833 642 2912 abiit,
664 2843 816 2913 auggeatue
831 2835 865 2893 ia
883 2835 999 2914 ignem5
1022 2835 1095 2894 urba
1110 2834 1176 2894 aliia
1188 2831 1298 2893 incolit
1311 2837 1343 2889 et

277 2998 304 3068 ⁸)
321 2999 364 3054 Oi·
382 3000 539 3056 Elmaciaum
551 3019 576 3073 p.
586 3003 638 3059 228
651 3007 679 3056 et
690 2999 744 3058 224
758 3001 970 3072 (mterpretbat.
986 3021 1012 3073 p.
1020 3002 1072 3058 278
1084 3006 1150 3123 etp.
1160 2999 1235 3068 280.)
1244 2997 1288 3064 qui
1296 3014 1342 3051 aa·

328 3077 428 3124 tenuem
441 3073 523 3124 tuine
538 3072 712 3142 cuptivitatem
725 3073 784 3152 bbu
795 3101 809 3110 -
823 3072 914 3126 b'eraai
929 3074 981 3137 ait,
997 3080 1025 3125 ct
1038 3088 1104 3124 anno
1135 3087 1216 3123 eruum
1231 3069 1282 3124 855
1296 3084 1341 3150 ao·

309 3085 406 3256 guum,
423 3155 498 3208 quum
512 3141 664 3208 permutatio
677 3149 835 3209 captivorum
847 3142 974 3225 Rompnoa
988 3140 1056 3194 inter
1070 3149 1098 3193 et
1109 3139 1246 3223 blpalcmoe
1262 3145 1339 3218 taetr-

310 3206 1338 3349 &tutte‚ttttittttt'ststtnttttffttttt’{tif-⁰533

309 3343 438 3422 appellat,
462 3351 565 3414 captum
588 3351 615 3397 et
633 3345 856 3418 Consmminopoli
878 3348 1029 3418 productum
1049 3347 1077 3400 in
1095 3345 1224 3416 triumpho
1245 3345 1338 3397 fuine.

308 3409 434 3532 {tiammo
443 3419 484 3466 ert
496 3431 512 3466 a
525 3419 613 3466 noatro
626 3413 703 3467 Abu·
711 3415 818 3498 Fcfean
835 3417 869 3468 dc
883 3417 954 3470 caiae
968 3417 1118 3488 captivitate
1130 3414 1238 3478 Graeci,
1254 3429 1338 3484 quau·

308 3483 1338 3620 tt:·t?t¹tttf¹¹⁶ttttttrt¹t⁰ttttttttttttttttetf

307 3619 422 3687 appellat
433 3569 635 3702 Abuiaaajirum‚
652 3619 864 3704 titiani-lami,
883 3625 1010 3678 vicarium
1023 3623 1221 3685 Seifcddauluc,
1237 3621 1337 3674 oeilioet

306 3685 334 3738 in
347 3703 408 3770 eree
422 3689 473 3744 Tei
486 3717 500 3728 ·
512 3690 601 3773 Putnc
612 3707 719 3762 cumque
732 3708 760 3744 m
770 3709 873 3746 earcere
887 3691 1107 3764 contantinopoli
1156 3692 1228 3745 riiaac
1239 3697 1285 3744 att
1299 3689 1336 3743 R.

304 3753 495 3817 Quadriennem
506 3760 1123 3829 captivitatemtbu-Fcrarifuime‚auctnreati
1141 3760 1229 3814 nltcda
1255 3757 1335 3825 ⁸4973

303 3823 550 3966 ffimpiiaeluputabe
567 3828 748 3955 ¹talpa-liliorum
765 3847 833 3900 quac
853 3838 977 3886 annotant
995 3831 1037 3886 Cl.
1058 3831 1165 3900 meing
1178 3829 1213 3884 mi
1232 3779 1287 3884 iet
1300 3845 1335 3884 ox

269 3988 291 4018 ⁸*
324 3991 465 4050 &offundit
476 3998 564 4052 nasta
578 3999 604 4052 b.
623 3999 641 4054 1.
655 4005 811 4070 temperent
828 3999 950 4056 bominac.
984 4003 1118 4058 Debuerat
1136 4004 1250 4061 dirimat
1265 4021 1333 4059 anno

301 4060 354 4116 360
364 4063 477 4130 (chricti
493 4069 560 4136 969)
575 4077 702 4137 perenne
714 4071 766 4123 fuit
777 4072 905 4124 Rbananua
922 4073 1061 4143 imperator
1074 4074 1251 4144 (NJoepborua
1261 4075 1333 4130 Pbo-

300 4128 359 4196 ου)
378 4135 465 4204 etqui
484 4137 607 4190 bactenua
620 4137 782 4192 Domestica·
798 4140 899 4204 fumat,
922 4143 1030 4196 ioannes
1047 4139 1206 4209 Trinium}
1228 4146 1256 4198 in
1274 4144 1333 4196 eiua

299 4197 380 4252 locum
390 4203 522 4257 succeseit
555 4206 624 4261 Natu
635 4207 774 4276 Rmmna,
790 4208 934 4282 Nicephori
945 4219 1101 4280 cumr,
1117 4213 1263 4271 iamdudum
1274 4213 1332 4267 feto

299 4283 346 4322 mo
363 4267 518 4329 damnat
534 4273 570 4330 tt
