2959 4850
195 205 197 216 '
243 217 324 312 656
453 227 494 299 u.
512 231 559 298 u.
579 226 782 296 soccum
801 205 1145 292 snuorsssouus

244 390 347 452 Plures
361 388 468 450 deinde
477 386 682 468 expeditiones
694 385 727 444 in
742 385 857 444 &etam
869 382 906 442 ab
922 382 989 441 eliis
1005 380 1092 443 efism
1106 379 1340 461 Imperatoribns

244 483 398 554 susceptae
414 482 501 550 sunt,
522 491 622 532 omnes
639 481 739 530 tamen
751 469 831 528 houd
846 487 989 547 prospero
1001 467 1101 540 exitu3
1124 475 1154 524 et
1166 466 1339 545 praecipue,

246 579 323 638 quae
345 557 428 618 iussu
451 557 638 616 Constantini
656 551 906 634 Porphysogeniti
925 560 1063 629 suscepta
1082 558 1145 619 est,
1168 549 1259 608 Ducis
1277 550 1342 607 im-

245 643 354 724 peritia
380 663 416 702 sc
435 642 571 702 socordia
590 641 667 700 male
692 639 813 698 omnino
833 637 954 695 Graecis
980 636 1077 695 cessit
1119 633 1217 692 Habes
1234 634 1279 692 rei
1291 633 1340 692 hi-

241 728 368 806 ⁸storiam
380 727 412 786 in
426 727 572 805 excerptis
588 725 693 785 Leonis
709 722 832 782 Disconi
846 721 928 802 apud
941 721 1061 799 Pagium
1074 718 1175 778 Critic.
1186 719 1221 777 in
1231 719 1340 778 Annal.

138 807 197 867 Col.
213 811 233 868 2
248 812 357 876 Barou.
375 813 458 871 Tom.
476 811 526 870 Ill.
548 829 613 890 pag.
635 809 706 876 874.
751 806 970 866 Constantinus
990 806 1157 883 Imperator
1176 825 1247 862 aum
1265 805 1343 862 ste-

245 899 376 955 tensium
391 896 541 954 iniuriam
564 894 756 972 occultusque
765 894 975 970 grassationes
984 892 1066 966 ferre
1079 909 1139 946 non
1150 899 1263 966 posset,
1284 891 1343 946 iu-

246 991 293 1040 sto
308 982 474 1058 conscripto
491 981 637 1054 exercitu,
660 979 820 1055 multaque
835 977 923 1054 longe
936 977 1062 1035 navium
1079 972 1342 1032 incendiariorum

245 1069 400 1128 instructa
413 1065 511 1122 classe
524 1061 670 1124 adversus
689 1061 809 1120 Cretam
821 1063 922 1137 misit,
945 1063 1037 1140 quasi
1049 1061 1149 1137 primo
1168 1061 1273 1116 statim
1289 1077 1341 1114 ae-

245 1150 333 1210 cultu
348 1149 521 1230 praeliique
552 1149 734 1227 inceptantie
757 1135 888 1203 clamore
920 1165 956 1202 ea
978 1147 1152 1224 potitunes:
1173 1145 1276 1201 Ducis
1292 1153 1344 1212 tes·¹

246 1253 329 1309 enen,
352 1253 389 1290 ac
408 1236 580 1308 Praetoria,
608 1233 737 1311 ignauia
759 1233 970 1310 imperitiaque
990 1227 1068 1308 (viri
1088 1229 1202 1286 scilicet
1223 1231 1340 1305 exsecti,

250 1317 503 1398 Cubiculariique
517 1320 548 1376 in
567 1317 676 1375 unslsra
690 1314 823 1390 educati,
843 1315 1082 1394 Paphlagonum
1097 1315 1218 1392 regione
1232 1315 1343 1370 oriun-

247 1399 293 1476 di,
311 1401 528 1461 Constantinus
542 1405 571 1460 ei
583 1422 698 1477 nomen,
717 1400 862 1476 Gonsylee
876 1418 1039 1478 cognomen
1052 1408 1126 1471 erat,
1141 1399 1264 1455 tametsi
1277 1399 1342 1454 Pa·

247 1488 406 1544 tricius-um
417 1488 535 1546 illustri
553 1485 704 1565 dignitate
714 1481 874 1563 fulgebat)
893 1485 992 1541 omnis
1007 1483 1059 1540 liic
1073 1485 1234 1557 exercitus,
1254 1502 1343 1559 ρους

247 1571 294 1626 cis
310 1567 472 1630 dumtaxat
483 1573 626 1652 exceptis,
648 1591 669 1628 cs
687 1569 830 1628 iubaris
843 1570 1000 1645 concisus,
1020 1569 1275 1646 internecioneque
1286 1564 1343 1624 de·

247 1653 327 1712 letus
345 1666 396 1714 est.
848 1670 850 1673 “

330 1741 381 1804 89.
396 1731 451 1798 ”Au
464 1732 520 1820 peip
536 1731 571 1800 td
583 1731 719 1818 λουτρόν]
742 1735 788 1795 td
798 1735 974 1806 excitandos
989 1735 1123 1814 eomsgis
1134 1729 1266 1795 militum
1281 1733 1345 1794 sui·

245 1841 328 1894 mos,
349 1819 535 1900 Nicephorus
558 1822 696 1902 martyrii
718 1819 897 1880 desiderium
917 1821 977 1880 illis
997 1819 1133 1900 inspirat.
1174 1819 1260 1880 Hsnc
1274 1839 1343 1878 cre-

225 1937 228 1945 ·
246 1905 404 1965 dulitstem
417 1905 470 1964 diu
480 1906 538 1966 late
549 1906 708 1966 involuisse
722 1906 861 1986 pluribus
875 1904 1064 1986 comprobari
1078 1913 1177 1988 potest
1190 1902 1342 1982 exemplis.

246 1989 323 2050 Vide
344 1989 522 2050 Bollandum
545 1991 628 2056 Toni.
654 1991 704 2051 tv.
728 1991 794 2049 lun.
814 2009 880 2072 pag.
899 1993 972 2056 658.
994 1996 1024 2050 et
1037 1989 1123 2049 Tem.
1142 1987 1178 2049 V.
1203 2007 1270 2069 pag.
1291 1991 1343 2053 81.

246 2073 451 2135 mabillonium
470 2073 578 2136 dunel.
594 2077 677 2136 Tona-
693 2075 744 2134 ΙΙΙ.
758 2093 825 2156 pag.
840 2079 912 2140 227.

330 2165 381 2224 97.
405 2158 568 2240 Κροτεῖτο]
591 2160 625 2218 ln
645 2159 763 2218 Codice-
780 2159 825 2218 sic
849 2179 911 2218 esse
926 2157 1074 2238 seriptum
1094 2155 1224 2218 ridetur.
1267 2156 1345 2216 Cor-

246 2241 345 2301 nelius
362 2242 710 2304 emendandum-censuit
729 2249 890 2322 sparsisse:
911 2242 979 2317 sed,
1000 2251 1036 2300 ut
1045 2240 1170 2322 opinor,
1190 2240 1271 2301 nihil
1283 2240 1345 2299 im·

245 2328 421 2386 mutandum
437 2335 491 2387 est.
534 2326 708 2407 [Dubitsbst
721 2327 886 2405 Cornelius,
906 2335 1009 2386 utrum
1025 2326 1162 2408 προτείνω
1177 2320 1260 2409 (sic,
1281 2345 1344 2384 uon

245 2410 550 2575 ttttttltttt
564 2411 1055 2577 tttts.?”sttst;t·..l‚¹¹t
1066 2418 1344 2559 tt.⁰t.‘:tt.t;

245 2580 391 2640 nonnulla
412 2601 473 2640 esse
498 2582 629 2641 conisus.
646 2583 679 2641 F.
696 2580 730 2659 l.]

331 2672 383 2733 99.
406 2662 555 2749 Ποτρικδς
576 2664 772 2746 ointsope'soe]
795 2665 951 2725 cornelius
970 2664 1064 2725 edidit
1083 2669 1250 2745 πατρικῶς,
1271 2684 1344 2725 uer-

246 2746 353 2828 sisque,
371 2770 450 2808 more
459 2753 565 2829 patrio
588 2762 737 2813 armatus.
782 2750 884 2809 Codex
904 2748 993 2810 habet
1007 2746 1165 2829 ποτρικόῥ,
1187 2770 1277 2829 quam
1289 2769 1344 2810 vo-

246 2852 311 2891 cem
325 2838 465 2911 putrium
480 2835 607 2893 militem
618 2836 722 2894 Latine
736 2834 864 2911 reddidi,
885 2854 1008 2914 eamque
1020 2834 1177 2893 lectionem
1193 2854 1230 2893 eo
1245 2834 1348 2898 libem.

244 2916 308 2977 sios
320 2920 494 2999 recepimus,
510 2920 592 2997 quod
608 2919 783 2999 magiscum
798 2920 934 2997 sequenti
948 2939 1037 2979 versu
1054 2916 1218 2977 cohaereat.
1241 2920 1343 2992 Quum

246 3000 326 3059 euim
349 3000 400 3060 hic
418 3002 498 3061 dicat
509 3004 710 3085 Nicephorus,
733 3002 815 3082 quod
830 3004 952 3083 quisque
966 3003 1099 3084 patrium
1115 3004 1241 3061 militem
1261 3013 1344 3061 sota-

246 3093 298 3161 gat
312 3088 521 3159 scenendune,
536 3089 629 3165 addit,
644 3109 700 3149 nec
713 3088 871 3147 dedecoret
878 3090 1041 3147 Romanum
1056 3087 1226 3167 Imperium.
1245 3086 1344 3150 &teta

246 3166 356 3246 σμένος
374 3188 448 3228 vero
470 3170 584 3229 dictum
607 3182 651 3231 est
667 3172 717 3231 hic
739 3192 795 3252 pro
821 3171 956 3252 ὁπλίτης,
979 3172 1227 3251 quemadmodum
1241 3173 1344 3251 eadem

247 3250 362 3311 ratione
376 3249 448 3325 eosic
465 3252 498 3315 lu
521 3248 624 3327 ὅπλοις
642 3257 746 3316 scribit
761 3257 922 3336 aliquando
938 3256 1138 3337 Thucydides.

331 3339 402 3401 101.
426 3332 597 3417 Πτεροὸσας]
618 3338 676 3398 Hic
698 3340 844 3400 militibus
865 3342 904 3401 ad
925 3342 1136 3401 committenda
1156 3360 1225 3400 cum
1245 3340 1344 3401 hosti·

246 3416 304 3477 lius
323 3420 435 3501 praelis
452 3421 595 3482 allocutio
622 3422 799 3503 Nicephori‚
824 3426 902 3485 Caco
916 3444 988 3485 vero
1004 3427 1083 3506 apud
1097 3426 1254 3503 Virgilium
1269 3426 1343 3487 Aen.

248 3502 328 3567 vllt
346 3525 376 3564 r.
392 3506 464 3573 224.
480 3508 517 3565 ad
536 3506 730 3586 effugiendam
745 3508 880 3569 Herculis
898 3510 974 3570 iram
989 3514 1081 3571 tinsor
1097 3508 1224 3569 addidit
1240 3512 1322 3573 alae.

332 3592 403 3655 105·
423 3584 469 3653 Ου’
485 3588 547 3674 μὴν
559 3592 724 3675 παρέργως]
748 3594 898 3653 Virtutem
914 3596 1096 3656 Graecorum
1114 3595 1246 3656 militum
1259 3596 1343 3677 opti-

247 3690 296 3733 usa
315 3671 398 3733 hisce
420 3676 519 3735 verbis
542 3678 685 3758 exprimit
708 3684 806 3757 putta.
849 3680 955 3739 Graeci
974 3680 1053 3739 enirn
1074 3681 1238 3761 scriptores
1265 3701 1343 3757 eum,

249 3776 338 3834 quem
353 3758 389 3816 ab
404 3758 488 3819 hoste
500 3771 620 3821 suenus
634 3773 815 3843 pugnantem
831 3765 964 3823 occisum
981 3764 1115 3824 iudicare
1128 3765 1244 3842 volunt,
1259 3764 1345 3847 ἔργον

248 3845 305 3902 τοῦ
316 3845 486 3937 οολεμίου,
509 3844 595 3929 ἔργον
616 3846 762 3927 πολέμου,
784 3848 836 3910 nul
860 3851 967 3927 ξίφους
990 3850 1108 3909 dicunt:
1129 3861 1343 3925 renuentem,

248 3925 398 4002 muheres,
421 3928 558 4004 inientes,
581 3941 754 4011 ceterosque
770 3933 913 4010 imbelles,
937 3953 1013 4012 quos
1025 3933 1121 3994 hostis
1132 3936 1195 3994 sine
1210 3936 1272 3994 ullo
1288 3954 1342 3993 ne-

248 4009 329 4085 gotio
352 4030 387 4068 sc
411 4014 494 4091 qussi
517 4014 599 4074 aliud
619 4036 706 4094 agens
730 4018 890 4098 interficit,
913 4018 941 4078 ei
960 4012 1111 4101 πάρεργον
1132 4021 1228 4079 tactos
1251 4018 1341 4095 siunt,

249 4094 288 4151 ad
309 4094 406 4155 caedis
432 4096 602 4158 facilitatem
624 4100 860 4179 significandam.
894 4103 941 4162 Ita
965 4104 1047 4163 senio
1069 4105 1240 4165 contectum
1260 4104 1342 4163 Pris-
1375 4122 1378 4131 ·

248 4192 348 4255 mum,
371 4177 444 4241 dum
465 4202 483 4241 s
503 4182 712 4265 Neoptolemo,
732 4195 857 4248 strenam
878 4188 1009 4268 tortique
1026 4188 1135 4251 iuvene
1151 4188 1274 4249 occisus·
1287 4196 1341 4263 est,
