2959 4850
235 271 311 347 408
580 280 617 355 C·
636 284 672 351 B.
694 278 810 353 nasu
827 281 980 351 NOTAE

234 440 287 504 sed
298 438 406 523 τειχίον
415 438 505 500 scribi
517 433 731 521 παροξυτόνως,
753 460 843 521 qnam
855 449 994 501 accentus
1007 439 1153 501 rationem
1166 439 1233 521 ipss
1245 462 1320 521 qno-

234 546 292 607 que
305 527 338 585 in
351 534 437 586 textu
448 524 554 585 Leonis
570 524 692 602 retinui,
714 527 807 590 Codd.
821 535 909 607 etque
921 526 1066 585 editiones
1078 526 1262 605 antiquiores
1275 548 1321 587 se-

234 622 329 675 cutus.
370 611 406 671 In
427 610 541 671 Lexicie
561 630 643 670 nune
659 612 836 692 plerumque
851 604 1119 697 προπαροξυτόνως
1142 612 1321 693 impressum

234 706 297 775 est,
317 696 417 756 nescio
434 693 610 776 quambene
623 696 807 757 auctoritate.

315 805 397 881 Peg.
421 807 470 869 12.
490 800 543 863 lin.
559 804 591 868 6.
610 796 666 865 ‘dou
677 800 849 883 φονιωδεὸς]
867 802 918 861 Sic
930 800 1003 861 Cod.
1016 820 1072 861 nee
1087 801 1217 863 mutavit
1237 810 1319 863 tam.

234 886 290 947 etei
306 887 479 947 adverbium
496 887 655 964 φονιωδιῖς
671 888 733 949 eive
751 888 922 968 φοινιωδοῖς
939 887 1078 967 nequein
1089 887 1209 966 Lexico,
1219 907 1318 969 neque

232 971 267 1032 in
281 982 415 1049 auctore,
437 981 581 1049 quantum
596 972 733 1049 memini,
756 972 868 1032 offendi
881 972 954 1034 uilo.

316 1075 394 1139 Ibid.
417 1077 471 1140 lin.
495 1081 544 1143 10.
565 1076 664 1159 ἕντῆς
678 1072 793 1142 τούτων
804 1073 992 1161 ἆταγωμῆςς]
1006 1076 1049 1137 De
1061 1076 1193 1139 Arabum
1207 1097 1319 1138 excur-

233 1162 366 1223 sionibus
388 1161 545 1221 maritimis
563 1182 600 1221 ex
616 1165 704 1224 Creta
723 1163 811 1223 iactis
833 1163 903 1223 vide
926 1162 1023 1222 Vitam
1043 1165 1072 1222 S.
1093 1163 1191 1222 Lucae
1207 1162 1319 1227 iunior.

114 1236 216 1299 2193
234 1248 305 1311 edit.
330 1270 346 1308 a
372 1246 546 1307 Combefisio
569 1246 608 1305 ad
633 1249 709 1310 calo.
736 1246 884 1309 Historiae
909 1246 1020 1308 haeres.
1046 1246 1320 1325 Monothelitarum‚

197 1404 200 1413 Ι
232 1336 304 1399 969.
320 1334 354 1394 Β.
368 1333 440 1392 item
458 1332 628 1396 Continuat.
644 1335 796 1393 Constant.
811 1331 1030 1413 Porphyrogen.
1048 1332 1101 1392 ubi
1120 1331 1194 1393 haec
1214 1334 1264 1401 85.
1281 1333 1318 1397 Δ,

234 1413 321 1481 Kasai
333 1415 365 1480 δὲ
377 1416 431 1480 τδν
444 1412 535 1481 αὐτὸν
546 1412 650 1501 ιιαιρδν
662 1423 777 1500 Κρῆτες
789 1418 878 1481 παντὶ
893 1412 986 1503 oedip
1008 1411 1169 1501 ἇρᾶμενοι,
1189 1414 1245 1497 τήν
1262 1442 1319 1480 τια-

232 1498 337 1583 ράῖιου
351 1498 461 1609 ἐδῄουν
471 1506 532 1571 τοῖν
546 1505 738 1587 Θρρινησίων,
758 1503 810 1569 nui
823 1497 1033 1590 ρ’χμαλωτιζον.
1067 1498 1159 1583 Παροῖ
1175 1505 1321 1565 τοσοιῖτον

232 1585 272 1647 δδ
291 1630 298 1645 .
318 1630 348 1647 ..
370 1610 406 1651 ου
421 1584 478 1668 τήν
490 1587 649 1669 αῖγιαῖῖτιν
666 1583 758 1667 μόνον
776 1588 936 1669 ἐπειρῶντο
948 1588 1162 1668 καταδραμεῖν,
1183 1582 1256 1649 α’λλδ
1268 1586 1322 1651 καὶ

232 1665 308 1734 aaa&
327 1674 388 1733 τοῖν
407 1670 440 1735 ἐν
459 1675 503 1757 τρῖ
525 1668 604 1751 ὄρει,
626 1668 700 1757 ὅπερ
711 1666 791 1735 οὕτω
808 1679 955 1750 natatem,
977 1668 1116 1752 Λᾶτρος,
1138 1668 1321 1753 ἕνσκηνοόν-

232 1777 308 1833 των,
329 1755 381 1819 stoi
404 1760 464 1820 τοῖν
486 1756 524 1835 [l.
541 1752 609 1835 τδυ]
631 1752 796 1838 μονοιῖῖιον
815 1760 884 1838 βίον
906 1752 1134 1837 ἀσπαζομένων,
1154 1761 1259 1841 γυμνῷ
1277 1760 1322 1841 τῷ

232 1840 314 1917 ξίφει
327 1846 443 1921 χωρεῖν,
452 1840 503 1903 eei
511 1844 632 1904 Μυσῶν
645 1842 727 1907 λείαν
739 1838 777 1905 sd
786 1842 879 1905 ἐκεῖσε
892 1848 1001 1906 ποιεῖν.
1022 1842 1109 1902 Unde
1124 1851 1321 1902 manaverunt

231 1922 285 1985 illa
299 1924 358 1984 viri
375 1925 456 1985 docti
468 1926 509 1985 Le
522 1927 613 2002 beau,
627 1926 708 1987 haud
720 1928 781 1989 acio
794 1948 896 1987 annon
911 1927 1022 2007 optime
1036 1926 1163 2005 reddite,
1180 1929 1321 1987 Histoire
1439 1936 1448 1947 ·

232 2006 277 2067 du
296 2012 534 2091 Bas-Empire,
554 2010 634 2073 XIV.
653 2012 725 2079 433.
771 2013 817 2072 Un
831 2010 868 2072 de
886 2016 969 2074 leurs
978 2014 1082 2091 partie
1097 2031 1153 2070 osa
1171 2023 1320 2073 traverrer

232 2103 315 2151 toute
337 2096 369 2152 lo
396 2096 522 2174 verace,
543 2108 570 2153 et
587 2100 725 2176 penetrer
747 2099 896 2179 ἰαοραάιι
920 2107 1004 2156 naono
1028 2099 1165 2176 Latrus,
1185 2096 1265 2157 dans
1285 2098 1321 2155 la

232 2177 318 2237 haeae
334 2181 443 2257 Mesia,
465 2183 505 2241 od
523 2182 565 2241 ilo
584 2182 725 2261 pillerent
745 2202 790 2242 ιιιι
808 2181 891 2243 riche
901 2184 1078 2244 monestere.
1119 2182 1236 2241 Etenim
1252 2182 1320 2263 pri·

109 2330 111 2337 ¹
231 2282 313 2322 inum
327 2263 478 2325 Thracesii
493 2287 555 2325 non
566 2276 636 2327 eunt
649 2265 793 2344 Thraces,
815 2266 869 2327 sed
887 2266 1002 2327 incolae
1018 2266 1104 2326 Asiae
1122 2268 1320 2348 proconsula-

231 2348 275 2411 ris
296 2349 333 2407 ad
350 2350 495 2429 Aegaeum
509 2370 605 2413 mue:
626 2352 701 2412 vide
711 2372 802 2434 supra
817 2351 848 2419 4.
862 2352 894 2411 C.
916 2361 947 2410 et
967 2351 1119 2412 Constant.
1135 2352 1318 2434 Porphyrog.
1418 2374 1429 2391 ·

232 2431 275 2492 De
294 2434 416 2495 themat.
435 2436 456 2495 1.
475 2442 506 2501 7.
527 2437 562 2498 Ἑ.
588 2433 627 2501 Tb
645 2442 704 2500 νῦν
723 2431 911 2517 καλούμενον
928 2438 1107 2520 Θρᾳκησῖων
1123 2437 1205 2517 Cipo
1223 2431 1319 2500 ττᾶλαι

232 2514 289 2597 μὲν
303 2519 354 2582 καὶ
365 2514 432 2582 κατ’
450 2513 543 2600 ἆρχοῖς
554 2513 637 2585 Ἀσία
656 2517 749 2604 μικρδ
765 2516 939 2603 ωὐομοὶζετο.
981 2521 1093 2581 Deinde
1112 2523 1218 2582 Iatrus
1231 2543 1319 2582 mone

232 2622 294 2666 non
309 2604 342 2662 in
356 2605 465 2678 Moesia
478 2605 618 2666 inferiore
631 2616 689 2684 eet,
711 2607 849 2667 seditem
864 2607 898 2665 in
918 2606 1005 2685 Asia,
1025 2616 1150 2686 propter
1161 2605 1318 2689 Ephesum.

201 2675 414 2752 Bitieinorotur
427 2691 505 2749 infra
519 2695 591 2758 196.
608 2691 640 2750 C.
658 2691 728 2751 item
740 2692 862 2771 Scriptt.
877 2701 946 2770 poet
957 2690 1091 2772 Theopb
1107 2695 1175 2760 119.
1192 2693 1224 2754 B.
1246 2697 1320 2758 267.

231 2773 266 2835 B.
282 2774 407 2836 Cedren.
425 2777 582 2856 Compend.
601 2774 713 2836 Hister.
733 2775 769 2836 ΙΙ.
789 2779 862 2842 546.
874 2777 907 2834 C.
927 2775 1132 2855 Habemusque
1153 2778 1188 2835 in
1207 2777 1322 2837 Biblio-

231 2856 317 2917 theca
330 2861 401 2938 Reg.
416 2859 487 2922 Cod.
509 2861 560 2921 Gr.
576 2861 631 2923 No.
647 2863 720 2929 698.
744 2859 826 2943 (vid.
843 2861 966 2920 Montes.
981 2861 1131 2940 Palaeogr.
1147 2865 1198 2928 78.
1218 2858 1268 2943 Β.)
1287 2862 1321 2921 in

232 2963 291 3020 quo
310 2946 430 3022 legitur,
453 2944 700 3025 quemadmodum
721 2946 881 3006 monachus
896 2946 1066 3006 monasterii
1082 2949 1137 3026 τῆς
1156 2944 1321 3030 δπεραγίας

232 3025 379 3091 θεοιόκου
390 3032 445 3093 τοῦ
459 3026 590 3109 Στύλου,
612 3027 708 3114 ἤγουν
720 3035 777 3094 τοῦ
791 3030 879 3113 ἆμίου
890 3025 1017 3094 Παύλου
1035 3035 1091 3092 τοῦ
1107 3024 1246 3112 Λοὶτροας
1264 3077 1272 3094 .
1287 3075 1319 3090 ..

234 3107 357 3190 ὅδ’γιος
376 3111 609 3193 Χριστὸδουῖος,
631 3113 682 3180 διαὶ
700 3111 756 3196 τήν
782 3115 894 3194 ἔφοδον
918 3119 979 3178 τοῖν
1003 3110 1105 3178 ἀθέων
1129 3109 1320 3195 Ἰσμαηλιτῶν

233 3189 391 3278 μετῴκισεν
410 3197 453 3270 εἰς
468 3195 525 3277 τήν
546 3195 687 3280 Ποὶτμον,
709 3198 811 3281 φέρων
833 3201 866 3265 ἐν
886 3198 982 3285 ἕαυτρῖ
1005 3195 1061 3263 ὅσα
1084 3194 1250 3278 δυνάμενος
1271 3202 1320 3280 βι-

232 3279 310 3358 βλία.
350 3279 490 3340 Moesiam
504 3282 674 3344 inferiorem
694 3293 792 3344 autem
808 3284 910 3364 posuit
925 3285 1070 3365 scriptor,
1093 3283 1172 3363 quod
1190 3305 1252 3344 non
1266 3285 1320 3343 in-

231 3362 350 3422 tellexit
361 3385 450 3424 voees
466 3371 586 3430 Μυσῶν
602 3369 694 3431 λείαν.
736 3368 816 3441 Quas
832 3369 1034 3448 proverbiales
1048 3389 1110 3430 esee
1123 3368 1188 3448 quis
1204 3378 1249 3428 est
1266 3369 1321 3448 qui
1346 3375 1368 3418 t

232 3448 367 3508 nesciat?
390 3450 547 3512 Cinnamus
558 3451 670 3512 Hister.
688 3458 736 3520 19.
757 3454 840 3515 λείαν
856 3457 975 3516 Mensis
994 3453 1045 3518 ιιαδ
1063 3450 1100 3516 τὰ
1119 3453 1152 3516 ἐν
1169 3453 1287 3517 ποσὶυέ

232 3527 395 3612 μσζόμενοι
428 3535 497 3598 Vid.
518 3547 668 3617 praeterea
688 3539 798 3599 Zenob.
819 3537 937 3600 centur.
955 3535 992 3602 V.
1029 3539 1169 3600 Proverb.
1188 3545 1261 3608 118.
1283 3478 1321 3603 δῖ

231 3615 401 3698 Diogenian.
414 3620 534 3682 Centur.
547 3621 596 3682 Vl.
617 3626 688 3691 232.
708 3623 742 3688 B.

316 3724 394 3787 ibid.
417 3727 471 3788 lin.
494 3734 543 3796 12.
564 3724 635 3802 sotir
648 3720 799 3807 ψεύστας,
819 3723 857 3793 sei
875 3729 972 3813 θηρία
988 3725 1025 3792 vd
1044 3720 1184 3812 τάκιστα]
1203 3727 1320 3791 ΔΗωιίο

233 3806 272 3865 ad
282 3807 383 3870 locum
398 3813 427 3874 S.
441 3813 525 3872 Pauli
539 3813 633 3895 Epist.
647 3814 686 3873 ad
697 3815 756 3878 Tit.
772 3835 839 3896 cap.
853 3814 876 3879 l.
896 3833 930 3877 v·
952 3819 1002 3881 19.

317 3913 396 3975 lbid·
417 3916 471 3979 Ιῖο.
492 3916 543 3984 24.
564 3915 622 3982 σοῖν
634 3924 679 4006 τρῖ
693 3925 829 4008 narrate
837 3913 1005 4004 Νιτηφὸρω
1018 3919 1050 3983 οῖ
1063 3923 1321 4002 προνατασιιοιτεῖν

233 3995 394 4078 σταλέντες]
417 4003 685 4083 Προιατασιιοπέω,
706 4007 831 4066 verbum
846 4026 915 4067 raro
935 4025 1111 4081 occurrens,
1132 4024 1252 4085 quoque
1267 4026 1322 4064 ca-

230 4085 299 4142 dent
312 4082 419 4142 Lexica
429 4126 438 4161 ,
461 4087 619 4166 usurpavit
634 4100 751 4168 praeter
764 4091 892 4150 Leonem
911 4092 941 4150 S.
956 4090 1090 4149 Clemens
1107 4092 1259 4152 Romanus
1280 4089 1322 4148 De

209 4227 210 4230 ,
230 4167 491 4246 peregrinationib.
514 4173 542 4234 S.
557 4173 638 4232 Petri
655 4177 705 4240 69.
729 4176 762 4238 C.
782 4173 835 4240 aab
849 4169 1138 4257 προκαεαοιιοιιήσας
1157 4173 1258 4254 ἡμᾶς,
1279 4171 1324 4248 οἷς

203 4244 319 4324 omitit
331 4247 456 4336 ὕστερον
472 4249 658 4338 ιδμολόμησε·
680 4279 751 4318 cum
764 4259 932 4324 observaret
947 4279 1018 4334 nos,
1038 4259 1133 4320 vertit
1150 4257 1321 4319 Perioniuse
