2959 4850
307 397 338 436 .,
380 314 430 382 ru
451 289 607 380 nnonrs
625 307 808 378 nncorn
828 309 905 376 nn.
925 306 1013 378 v111.
1134 295 1252 403 ,47⁹
1374 285 1379 296 ’

154 475 259 538 elerum
273 474 307 535 in
320 479 560 534 ostsuuomornm
582 477 731 550 eutucerte
745 436 966 547 astrologoruin
979 466 1129 528 ionnulis.
1170 465 1261 527 esu-2

154 562 204 622 lus
229 559 390 620 Alexandr.
416 559 451 618 In
474 556 644 638 sputelesm.
662 558 714 623 42.
738 556 773 614 A.
796 555 849 622 54.
870 555 904 614 Β.
926 553 1052 614 Proelus
1063 549 1205 632 Porsphr.
1220 551 1254 612 in

154 647 276 707 Ptolem.
300 650 372 712 202
399 644 435 704 A.
456 641 638 724 Hephaestio
665 639 797 701 Theben.
827 640 944 702 liceret.
967 659 1025 700 err.
1046 639 1124 699 stell.
1145 644 1195 706 21.
1215 637 1282 700 Β.Β

153 732 276 792 Proclus
299 729 431 810 sphaere
446 729 496 796 52
512 728 548 788 A.
612 795 613 800 .
1253 767 1257 776 .

122 831 128 844 ’
238 835 317 897 lbtd.
339 838 393 896 lin.
415 835 465 903 24.
488 829 700 916 Πλίσκονβσν]
722 832 766 892 De
788 831 927 892 Plisouhn
949 853 973 891 s.
993 829 1149 904 Pliscobe,
1172 829 1255 888 Πλι-

154 916 259 1010 σιιὸβᾳ,
281 921 353 982 vide
366 923 496 998 Duceng.
511 920 549 980 od
560 919 696 979 Alexisd.
709 917 786 978 Ann.
802 919 907 978 Cotnn.
918 921 992 984 329.
1011 916 1046 981 A.

237 1031 316 1108 Peg.
339 1032 409 1095 139.
432 1028 488 1088 lin.
510 1033 540 1094 2·
560 1029 622 1088 cciv
635 1028 770 1088 Σκυθῶν
782 1017 1002 1104 οἷφηνιοῖσασαι]
1023 1022 1155 1084 Verbum
1171 1012 1256 1097 ἆφη·

153 1106 246 1188 virilu
259 1115 318 1172 Leo
343 1134 411 1174 cum
424 1111 566 1190 genitivo.
579 1111 727 1171 construit
747 1109 798 1168 hic
818 1120 848 1169 et
862 1111 950 1190 paulo
963 1109 1089 1170 inferius
1104 1108 1140 1170 Β.
1155 1105 1209 1167 lin.
1224 1103 1256 1170 5.

152 1199 225 1257 item
248 1200 298 1264 48.
318 1199 349 1262 C.
394 1197 454 1259 Alii
470 1198 532 1257 sine
554 1218 625 1257 casu
646 1203 810 1276 usurpant,
840 1206 873 1254 ut
891 1193 992 1271 Philo,
1024 1197 1077 1275 qui
1095 1191 1257 1251 admodum
1388 1193 1391 1210 ¹

156 1303 191 1342 eo
212 1282 391 1360 delectetur,-
414 1284 457 1342 De
473 1281 579 1342 mundi
592 1281 665 1363 opif.
683 1284 731 1348 15.
747 1281 782 1341 A.
797 1280 927 1359 Allegor.
943 1281 1019 1358 legg.
1031 1281 1083 1345 41.
1105 1278 1139 1339 Β.
1154 1275 1205 1342 44.
1221 1273 1254 1336 C.

155 1367 206 1435 64.
217 1367 249 1426 F.
271 1369 322 1435 74.
336 1368 373 1429 A.
389 1371 439 1434 73.
454 1369 485 1430 C.
508 1369 550 1427 lle
568 1369 666 1428 sscril.
679 1365 764 1428 Abel.
781 1374 809 1424 et
821 1366 904 1425 Cain.
921 1367 1036 1432 1151).
1056 1366 1098 1422 De
1113 1360 1252 1440 agricult.

59 1457 61 1462 ’
156 1454 228 1520 149·
238 1452 268 1515 F.
286 1454 356 1518 154.
366 1455 398 1512 Ι).
416 1453 457 1512 De
472 1453 625 1512 temulent·
644 1453 714 1517 188.
729 1451 763 1510 F.
776 1449 995 1512 DeAbrnhsmo
1009 1455 1080 1516 296.
1091 1449 1128 1509 G.
1143 1448 1186 1504 De
1199 1444 1254 1504 rhi-
1278 1441 1285 1459 ⁸

154 1547 229 1616 grat
243 1536 352 1600 Abroh.
368 1541 439 1604 811·
457 1537 489 1597 C.
507 1539 550 1596 lle
563 1538 626 1614 vito
639 1536 712 1595 Mos.
733 1535 805 1600 477.
822 1537 858 1597 G.
874 1536 945 1602 487.
957 1535 992 1594 A.
1008 1536 1080 1602 525.
1096 1533 1131 1594 A.
1148 1532 1192 1590 De
1204 1529 1256 1587 vi-

156 1623 262 1682 ctimss
284 1621 419 1682 offerent.
443 1622 514 1688 665.
531 1623 563 1679 G.
606 1620 695 1694 Quod
713 1618 810 1678 omnis
826 1621 938 1700 probus
953 1619 1029 1678 liber
1041 1619 1114 1684 674.
1127 1616 1160 1678 E.
1180 1619 1252 1682 681.

58 1776 63 1780 ,
154 1706 189 1768 Ε.
212 1707 247 1766 ln
271 1702 375 1769 Flscc.
393 1709 465 1774 748.
485 1709 519 1768 Β.
538 1706 609 1772 749.
623 1707 658 1766 Ι).
675 1711 746 1772 767.
758 1703 793 1764 Β.
809 1705 840 1764 8.
858 1705 992 1763 Clemens
1008 1701 1170 1762 Alexandr.
1189 1699 1254 1759 Ad-

154 1794 260 1852 monit.
273 1793 311 1852 od
330 1803 410 1871 gent.
425 1795 475 1860 57.
494 1794 524 1851 C.
542 1794 694 1854 Stromott.
709 1793 782 1856 383.
801 1789 836 1848 A.
853 1789 925 1856 412.
940 1791 974 1848 A.
991 1788 1063 1854 471.
1079 1789 1113 1847 Β.
1131 1785 1203 1854 705.
1218 1785 1254 1844 Β.

154 1881 227 1944 730.
250 1879 282 1940 C.
304 1880 377 1944 747.
402 1879 436 1942 A.
479 1878 539 1938 Alii
559 1885 738 1937 construunt
760 1894 829 1932 eum
851 1874 970 1950 dativo,
985 1883 1024 1932 ut
1036 1873 1180 1951 Eusebius
1193 1871 1254 1929 lle-

22 2036 24 2043 *
127 1973 279 2028 .monstr.
302 1965 415 2042 Evung.
437 1964 511 2029 835.
535 1964 569 2023 D.
595 1962 646 2031 elii
666 1981 734 2020 cum
752 1959 972 2040 praepositione
992 1952 1090 2040 nupsi,
1114 1964 1255 2037 sequente

155 2058 286 2110 accusat.
299 2049 384 2109 velut
399 2051 429 2108 S.
446 2047 579 2107 Clemens
594 2047 681 2107 Alex.
694 2045 854 2123 Paedsgog.
871 2045 941 2111 115.
956 2044 993 2104 A.
1011 2039 1084 2118 τούς
1099 2039 1183 2126 scopo?
1196 2037 1283 2104 τὸνῦ

152 2129 252 2214 νόμον
270 2128 503 2214 οἷφηνιᾶζοντας.
546 2133 637 2213 Apud
652 2135 681 2191 S.
697 2127 836 2189 Antioch.
852 2129 895 2188 De
908 2127 1046 2208 superbis
1058 2127 1094 2192 ll.
1114 2131 1205 2195 1093.
1219 2126 1267 2188 1).·

152 2217 255 2278 inveni
277 2239 346 2280 cum
369 2219 539 2278 accusativo
562 2219 643 2294 solo,
666 2215 779 2295 ubsque
799 2215 1035 2294 praepositione,
1058 2214 1138 2292 quod
1151 2230 1256 2272 rarum
1386 2219 1391 2235 '

154 2313 209 2382 est,
230 2299 298 2368 ὅσοι
314 2297 359 2367 δι’
370 2303 583 2388 ὑπερηφανίαν
594 2296 794 2384 οἷφηνιοὶζουσι
809 2293 860 2363 τὸν
874 2291 1018 2379 α’δελφόν.
1061 2301 1140 2357 Sunt
1154 2307 1255 2358 tumen
1333 2361 1338 2378 ἱ

153 2409 273 2471 quoque
290 2391 432 2471 exempla
453 2387 685 2450 constructionis
708 2407 778 2447 cum
802 2383 952 2465 genitivo:
982 2382 1067 2445 Philo
1091 2385 1133 2443 lle
1154 2382 1254 2447 nent

153 2477 238 2537 Abel·
251 2486 280 2535 01
295 2477 378 2537 Cain·
397 2476 467 2543 115.
485 2476 516 2537 G.
533 2468 726 2555 οἷφηνὶᾶσαν,
748 2466 849 2554 ὅσπερ
864 2466 1026 2552 βουκόλου,
1048 2472 1106 2534 τοῦ
1117 2473 1184 2533 νοῦ.
1211 2470 1255 2529 lle

152 2562 217 2621 vite
231 2562 304 2621 Mor.
321 2560 391 2629 512
404 2564 440 2621 Δ.
458 2554 566 2643 ἀρετῆς
580 2552 824 2640 ἆφηνιᾶσανιας·
844 2556 1002 2638 multoque
1013 2554 1103 2638 pluro
1115 2555 1149 2616 in
1162 2554 1253 2615 verbo

154 2638 307 2729 ἆφηνιοὶω,
329 2646 366 2707 de
378 2667 437 2729 quo
450 2646 548 2707 dicam
562 2646 621 2707 elio
636 2647 716 2709 loeo.

239 2772 317 2835 Ibid.
340 2775 394 2833 lin.
416 2779 446 2841 9.
465 2769 562 2837 πολλοὶ
579 2766 871 2855 γνωσιμαχήσαςιισλ
883 2769 1113 2858 ἆνασιιοπῆσας]
1136 2774 1253 2856 Opinon

154 2865 353 2943 γνωσιμοιχεῑν
370 2860 452 2941 opud
464 2860 592 2919 Leonem
604 2880 674 2936 esse,
696 2861 828 2922 consilio
840 2884 975 2922 versare.-
998 2882 1056 2942 quo
1068 2862 1172 2921 eodem
1184 2880 1253 2921 ειη.

153 2966 192 3005 su
217 2946 261 3004 sit
285 2950 334 3013 19.
356 2946 389 3005 Β.
410 2940 620 3027 proportione
646 2942 698 3007 ιιαλ
719 2944 974 3029 βουλευσάμενος·
995 2957 1026 3006 et
1038 2953 1090 3014 77.
1107 2947 1141 3009 Β.
1156 2942 1254 3010 nolle?

147 3023 366 3115 ’γνωματεύσσς
384 3030 436 3093 sol
457 3024 660 3112 λογισάμενος.
703 3030 778 3089 llem
803 3039 852 3100 11.
873 3036 906 3096 Β.
929 3028 1253 3117 γνωσιμαχήσονιιιιαλ

152 3114 393 3200 βουλευσαμένῳ.
442 3114 508 3189 Qua
538 3115 755 3194 significatione
780 3120 862 3199 opud
891 3129 1006 3179 veteres
1039 3119 1162 3177 omnino
1189 3137 1254 3177 non
1301 3168 1305 3173 .

153 3202 322 3283 (quantum
344 3198 426 3283 vidi)
446 3201 615 3277 invenitur,
635 3200 717 3279 apud
735 3204 915 3265 recentiores
936 3204 1098 3263 sdmodum
1116 3224 1201 3265 raro:
1223 3205 1254 3263 S.

155 3287 302 3368 Ephrsem
316 3286 359 3347 De
373 3295 544 3367 compunct.
564 3286 601 3346 ll.
616 3289 686 3353 182.
703 3286 734 3349 C.
750 3294 1009 3371 γνωσιμαχοῦνιες
1023 3278 1080 3351 οὖν
1095 3282 1187 3373 εὖρον
1199 3284 1254 3352 τὸν

150 3371 271 3451 τρόπον.
313 3372 429 3433 Auctor
440 3372 523 3433 vitre
538 3373 567 3431 S.
582 3372 642 3431 Nili
654 3370 717 3431 iun.
734 3378 785 3441 92.
803 3375 834 3434 C.
849 3375 882 3438 ἐν
896 3369 1016 3448 τούτοις
1029 3377 1253 3456 γνωσιμοιχοῦν-

150 3453 202 3532 τός
216 3480 248 3521 τε
260 3456 312 3520 nol
333 3456 593 3539 πονοοονομὲνον,
617 3454 688 3516 clem
700 3462 834 3538 agitaret
849 3461 924 3519 haec
934 3461 1064 3519 consilio
1078 3480 1171 3538 eoque
1182 3472 1280 3532 mer-n
1351 3515 1362 3526 ,

151 3544 266 3601 lilioso.
308 3542 351 3601 De
373 3542 640 3622 significationibus
663 3544 795 3625 antiquis
809 3546 1051 3624 elegantibusque
1065 3540 1154 3603 huius
1168 3545 1255 3605 verbi

150 3628 223 3687 vide
231 3628 354 3705 Gregor.
366 3626 499 3689 Corinth.
515 3630 555 3687 De
568 3626 642 3692 uiel.
656 3630 726 3695 539.
736 3629 773 3689 A.
785 3631 885 3710 ibique
893 3632 1029 3709 copiosae
1039 3628 1134 3688 Bsstii
1142 3628 1254 3689 Schoe-

151 3712 267 3791 ferique
279 3712 339 3772 viri
352 3711 528 3775 immortalis
542 3722 636 3773 notor.
658 3715 884 3776 snbsunuvum
897 3716 969 3776 indo
981 3714 1147 3775 derivatum
1159 3717 1253 3794 inque

92 3795 94 3799 ’
150 3790 263 3858 Lexicd
283 3799 416 3859 nondum
440 3808 594 3879 receptum
607 3801 793 3882 γνωσιμαχία
806 3802 950 3883 est'spnd
965 3799 1083 3861 Philon.
1097 3800 1140 3859 De
1154 3820 1251 3862 somn.

152 3882 226 3950 884.
245 3884 279 3944 C.
307 3884 351 3958 εἰς
367 3879 421 3958 τὰς
435 3879 582 3968 intersistit·
599 3887 817 3969 peccamine,
836 3887 888 3946 ubi
903 3887 1005 3967 inepte
1016 3886 1148 3946 vertitur
1162 3906 1179 3945 ι
1193 3886 1253 3947 Ge-

150 3968 248 4045 lenio‚
271 3971 304 4027 in
325 3974 526 4029 contentiosae
545 3972 778 4049 resipiscentiae.
820 3972 875 4032 list
891 3973 970 4032 enirn
991 3972 1072 4033 idern
1087 3972 1168 4053 quod
1186 3978 1253 4048 roric

150 4052 311 4136 ἐριστικοῖς
335 4056 531 4133 φιλονεικίαις
551 4056 630 4136 apud
654 4056 782 4118 eundem
797 4056 954 4119 Philonem
967 4058 1039 4125 885.
1061 4058 1098 4119 D.
1123 4056 1253 4136 ideoque

145 4139 339 4199 'reddendum
368 4138 414 4197 od
437 4143 638 4199 contentiones
653 4148 846 4223 pervicaces,
873 4154 914 4203 nt
930 4152 1014 4204 recto
1031 4144 1177 4225 expressit
1195 4141 1252 4205 Th.

150 4224 277 4305 Mangey
291 4225 337 4285 ed.
356 4224 518 4285 novissimo
538 4226 563 4287 l.
579 4230 651 4292 698.
662 4230 713 4296 43.
753 4230 829 4289 Nam
838 4228 924 4310 ‘apud
935 4228 1091 4289 Philonem
1102 4246 1252 4311 γνωσιμα-

148 4316 213 4390 χεῖν
231 4312 312 4373 volet
324 4310 514 4391 contendere,
537 4311 704 4381 dissentire.
748 4316 793 4378 De
804 4315 964 4377 Abraham.
979 4320 1051 4383 297.
1064 4315 1099 4375 Β.
1115 4314 1159 4373 lle
1173 4334 1249 4373 oon·
