2959 4850
396 272 479 345 -us
497 270 854 345 monueramus
872 272 950 343 us.
970 273 1010 344 u.
1192 262 1269 341 425
1327 241 1332 255 ’

183 434 266 517 aias,
286 454 382 519 prope
392 454 480 515 quem
490 444 654 519 pugnatum
667 433 741 517 suit,
765 434 945 497 estlortssas
956 433 1147 514 antiquorum
1160 434 1270 499 Chalus

181 552 329 615 Arabibus
344 527 470 653 Cli-⁸33,
491 554 618 615 Kossaia
632 572 683 615 seu
700 552 790 631 Caio,
812 574 914 632 agrum
928 552 1158 622 Bearlroeensem
1170 556 1271 636 rigans

182 652 314 731 rivulus,
336 654 373 715 de
394 654 740 739 quoExce1·ptalbuOl
760 654 880 735 Wsrdi,
901 654 939 715 ad
959 656 1033 717 calc.
1048 656 1154 735 Syries'
1168 657 1269 720 Abulf.

182 740 228 799 ed.
241 738 345 803 Kochl.
362 746 432 810 190.
447 741 483 803 A.
499 751 550 801 aut
563 762 640 801 unus
657 740 883 817 etorrcntibus,
905 740 956 825 qui
970 760 1008 799 ex
1020 741 1134 802 Amano
1148 764 1271 803 manan-

180 832 225 883 tes
244 824 279 885 in
299 826 397 887 lacum
418 826 647 886 Antiochensem
666 834 837 903 transeunt,
868 836 903 884 ut
925 826 1071 903 Ulmum,
1104 828 1210 907 aliique
1230 829 1299 893 adC

180 906 348 969 Gindarum
360 910 411 971 vel
427 910 606 991 Gephyram.
647 910 785 969 Narratio
796 910 950 991 scriptoris
963 913 1058 971 nostri
1074 914 1185 993 egregie
1200 934 1273 974 con-

178 994 264 1054 venit
278 1015 347 1054 cum
363 994 516 1056 Elmscino
532 1000 604 1063 223.
620 994 655 1055 D.
674 994 727 1075 qui
746 996 869 1072 scribit,
893 994 1134 1077 Chambdanum,
1155 998 1214 1059 hoc
1229 1006 1274 1059 est

179 1077 409 1154 Seifeddaulam,
419 1077 576 1141 'Hamdaui
590 1091 746 1160 nepotem,
768 1081 862 1160 copiis
877 1080 1027 1173 bipartitis
1044 1082 1185 1143 maiorem
1199 1105 1273 1164 psa-

182 1172 244 1223 tem
255 1164 364 1245 Nagjao
378 1166 474 1245 legato
488 1186 542 1225 suo
558 1166 750 1225 commisisse:
766 1165 867 1245 ipsum
881 1187 948 1225 cum
961 1166 1066 1245 exigue
1077 1189 1168 1229 manu
1183 1168 1272 1251 (haec

181 1258 227 1307 ost
237 1248 334 1309 nostri
345 1250 498 1330 scriptoris
513 1250 620 1310 cohors
634 1251 673 1310 ad
685 1250 821 1331 superius
834 1250 944 1310 vedum
952 1250 1084 1312 fluminis
1099 1250 1273 1337 considens)

179 1335 365 1411 remansisse,
381 1355 469 1414 quam
481 1335 668 1421 Nicephorus
684 1336 779 1395 solam
790 1346 906 1416 nactus,
923 1337 1117 1419 impressione
1129 1340 1208 1399 sacta
1220 1358 1273 1421 pe·

178 1416 262 1478 nitus
278 1418 398 1481 delevit.
947 1432 950 1438 '

265 1500 344 1563 Ibid.
366 1504 422 1564 lin.
444 1508 494 1571 10.
515 1500 570 1585 τήν
587 1504 730 1569 ἐντεῦθεν
745 1504 890 1585 ἐκδημίαν
900 1510 959 1570 τοῦ
971 1504 1099 1581 ἄνακτος
1109 1507 1272 1590 Ῥωρωνοῦ]

183 1586 268 1645 Obiit
282 1588 431 1649 Romanus
449 1588 554 1649 Iunior
576 1590 650 1671 Imp.
667 1590 716 1649 ‹lie
733 1590 782 1658 15.
797 1590 897 1650 Martii
910 1612 937 1651 a.
951 1595 1030 1668 963,
1053 1594 1274 1653 demonstrante

181 1671 271 1751 Pagio
289 1672 389 1733 critic.
409 1674 447 1733 ad
460 1674 527 1734 Bar.
548 1672 598 1737 lv.
620 1674 648 1742 5.
664 1674 698 1735 A.
721 1683 751 1735 et
764 1676 849 1753 Krug
869 1674 979 1736 Chron.
994 1674 1046 1733 der
1058 1680 1133 1757 Byr.
1152 1682 1224 1745 326.
1237 1676 1272 1736 B.

182 1755 383 1837 Nicephorue,
406 1759 504 1841 Cplim
518 1758 615 1819 redux
626 1780 725 1819 mense
739 1758 838 1841 Aprili
852 1758 989 1842 (Cedren.
1002 1760 1038 1823 ll
1052 1763 1123 1829 645.
1136 1759 1185 1843 D.)
1193 1810 1202 1841 ,
1225 1760 1273 1821 die
1396 1770 1406 1785 ⁸

182 1848 215 1909 2.
231 1841 301 1902 Iulii
319 1844 352 1904 iu
373 1864 478 1925 campo
496 1854 563 1904 ante
585 1844 756 1907 Caesaream
780 1845 816 1904 ab
835 1845 969 1904 exercitu
985 1845 1150 1925 Imperator
1163 1866 1274 1907 renun-

67 1976 77 1995 ,
183 1926 277 1986 ciatus
293 1939 338 1989 est
353 1928 519 2013 (Constant.
540 1927 724 2010 Porphyrog.
745 1929 868 1989 Caerim.
880 1930 1003 2008 Byzant.
1023 1929 1046 1988 I.
1061 1934 1131 2001 251.
1146 1929 1210 2012 D.):
1231 1932 1273 1990 ita

184 2030 256 2089 quae
271 2024 434 2074 narrantur
452 2036 470 2074 a
487 2016 585 2073 Leone
597 2036 666 2095 cap.
684 2036 729 2074 xa.
751 2024 782 2074 et
803 2036 860 2075 111.
881 2013 970 2074 huius
986 2014 1075 2092 latri,
1095 2037 1215 2077 necesse
1229 2025 1275 2076 est

182 2095 280 2177 Aprili
295 2109 325 2159 et
337 2100 415 2158 Maio
432 2098 562 2160 eiusdem
577 2100 647 2159 anni
664 2104 735 2165 963.
751 2100 901 2158 accidisse.

264 2182 344 2247 Ibtd.
367 2186 423 2243 lin.
444 2190 494 2251 22.
517 2184 549 2247 οἱ
561 2181 674 2264 λοιμοὶ]
697 2184 770 2243 lude
786 2186 913 2243 Zonaras
928 2180 968 2242 11.
984 2186 1055 2249 196.
1070 2182 1106 2241 D.
1126 2183 1205 2262 quod
1222 2184 1274 2263 ait,

180 2264 347 2333 Romanum
362 2268 513 2331 Iuniorem
528 2288 559 2329 se
579 2268 694 2333 dedisse
709 2263 836 2355 α’νίρᾶσι
853 2266 1086 2352 διεφθαρμένοις
1098 2290 1129 2331 τε
1144 2267 1196 2331 ναί
1213 2273 1274 2333 λοι-

180 2375 259 2434 μοις.

267 2442 343 2520 Pag·
364 2443 414 2506 31.
438 2439 492 2500 lin.
513 2440 544 2506 4.
565 2439 639 2503 Εἴτε
654 2437 686 2504 δὲ
701 2439 838 2516 ἔιιείνως,
861 2439 918 2502 elas
928 2437 981 2502 καί
995 2434 1104 2517 οὕτως]
1123 2439 1305 2520 Transpo-lt

181 2521 245 2582 suit
255 2521 329 2582 haec
343 2523 486 2602 Agathiae
499 2527 549 2593 59.
561 2525 595 2585 B.
614 2523 686 2588 Είτε
700 2520 739 2604 dai
755 2517 812 2588 oda
825 2517 937 2602 οὕτως,
959 2525 1016 2587 εἴτε
1030 2524 1157 2599 ἐκείνως.
1225 2592 1228 2598 ,

267 2607 346 2670 Did.
372 2610 431 2673 lin.
452 2615 481 2678 9·
509 2603 616 2694 νήπιοι
643 2611 756 2696 κομιδῇ
776 2605 953 2690 τελοῦντες]
984 2610 1093 2670 Confer
1117 2609 1274 2689 Agstlriam

266 2775 345 2838 laid.
367 2778 422 2838 lin.
443 2780 494 2845 19.
514 2775 571 2858 τήν
583 2779 736 2858 βασιλείαν
749 2775 860 2857 ἑστίαν]
882 2777 932 2838 Sic
945 2767 1063 2838 Codexe
1083 2779 1199 2838 tametsi
1211 2799 1274 2837 non

184 2861 290 2924 dubito
305 2863 433 2922 Leonem
451 2872 505 2921 aut
521 2863 672 2943 scripsisse
688 2871 740 2922 aut
759 2863 888 2922 scribere
905 2863 1039 2922 debuisse
1052 2860 1109 2942 τὴν
1123 2864 1273 2942 βασίλειον

183 2949 234 3022 ἕς.,
243 2958 277 3008 ut
285 2958 328 3007 est
338 2947 407 3006 alibi
415 2951 445 3012 3.
456 2947 490 3010 B.
501 2953 550 3013 29.
559 2949 590 3009 B.
600 2953 650 3014 89.
660 2947 754 3013 1).43.
763 2948 797 3007 D.
809 2951 859 3012 60.
868 2947 960 3014 D.76.
969 2949 999 3006 C.
1007 2948 1105 3027 Aeque
1112 2947 1275 3008 insolenter

182 3031 458 3113 Codexsupra3.A.
467 3027 522 3111 caia
530 3027 764 3114 αιίτοκρατορίων
773 3027 1044 3114 ἆρχήνὛίἀοριιοο
1053 3036 1155 3092 notavi
1163 3035 1232 3100 189.
1242 3033 1273 3092 C.

268 3123 343 3198 Pag.
366 3121 417 3183 32.
438 3117 492 3175 lin·
514 3117 545 3184 5.
565 3115 641 3200 siclo
660 3123 721 3180 τῶν
740 3111 832 3196 ὅλων]
854 3117 1046 3178 Combefisius
1066 3118 1118 3177 IV.
1138 3121 1166 3184 5.
1189 3119 1275 3192 mire,

184 3207 316 3264 aliorum
328 3223 425 3262 cauea
435 3199 614 3264 decertaret:
635 3223 705 3262 nam
719 3202 753 3261 in
768 3201 877 3262 Codice
892 3203 1050 3264 manifesto
1064 3213 1108 3265 est
1122 3197 1200 3267 ὅλων
1212 3222 1276 3261 non

180 3287 289 3354 ἄλλων.

267 3370 345 3435 lbad.
367 3371 424 3434 lin.
447 3377 477 3440 9.
498 3363 553 3451 ἐφ’
573 3369 670 3446 ἱστίας
684 3363 854 3452 ἡσύχαζεν]
876 3371 952 3431 Cum
966 3369 1013 3431 lria
1028 3371 1140 3452 optime
1155 3391 1276 3430 consen-

182 3461 221 3520 tit
240 3458 415 3540 Anonymus
428 3477 516 3536 quem
536 3456 648 3517 lulium
668 3455 821 3527 Pollucem
841 3457 984 3529 credunt,
1011 3457 1044 3515 in
1062 3454 1143 3514 laune
1156 3455 1278 3514 modum

182 3545 330 3628 (repetam
350 3544 551 3604 narrationem
565 3541 629 3601 eius
651 3541 741 3621 paulo
760 3541 866 3618 altius,
891 3541 928 3600 ab
944 3541 1029 3599 obitu
1043 3538 1169 3598 Romani
1181 3540 1279 3620 lmpe·

97 3611 104 3628 ⁹
126 3679 130 3688 .
182 3624 323 3710 catoris):
345 3623 374 3710 *)
395 3623 523 3690 Μαθοίν
536 3622 635 3689 stato
648 3624 787 3689 θάνατον
799 3630 855 3688 τοῦ
872 3624 1015 3707 βασιλέως
1026 3621 1194 3705 Ῥωμανοῦ,
1213 3622 1279 3686 laee-

183 3710 279 3792 σχέθη
302 3714 357 3792 τῆς
375 3709 487 3794 ὁρμῆς·
516 3710 569 3775 καί
587 3703 702 3795 ἑκάστῳ
722 3714 785 3772 τῶν
806 3703 873 3791 μετ’
898 3703 993 3772 aalma?
1014 3706 1112 3774 ὄντων
1129 3702 1280 3792 ἆρχᾶντιον

183 3797 358 3878 διωρίσατο,
385 3801 576 3878 συναχθῆναι
591 3792 663 3870 νοτίς
683 3794 888 3879 ζωγρηθέντας
902 3787 1083 3878 ’Λχαρηνοῦς
1101 3793 1154 3857 καί
1173 3789 1211 3855 τοί
1230 3788 1280 3855 λοί-
1292 3800 1323 3854 Ρ.
1338 3801 1390 3856 205

184 3903 269 3962 φνρο
280 3881 323 3955 είς
334 3879 387 3942 ἕνα
399 3885 498 3964 χοῖρον
514 3886 569 3961 τῆς
582 3878 747 3962 Ῥωμαϊκῆς
764 3883 827 3963 γῆς.
867 3873 918 3942 Ἐν
937 3875 970 3942 δὲ
990 3886 1032 3967 τῷ
1047 3880 1180 3964 aculeatos
1197 3899 1279 3941 aare·

182 3966 357 4046 λείφθρσαν
381 3959 609 4048 εὐρρμοιίμενοι
636 3959 710 4046 {ifle
733 3958 880 4042 Oeopavd
896 3960 1057 4070 Ap’yosioro
1078 3964 1131 4028 aci
1154 3958 1192 4025 ad
1220 3955 1277 4026 δύο

184 4049 280 4131 αὐτῆς
297 4048 385 4112 τὲιινα
399 4051 554 4124 Duell-ease
568 4047 618 4112 καί
635 4053 879 4126 Κωνσταντῖνος,
901 4073 917 4111 τ
961 4053 1081 4136 σπονδῇ
1092 4048 1142 4113 καί
1161 4045 1278 4111 sovices

184 4139 241 4200 τοῦ
253 4129 569 4219 παραᾶννασιειίονιος
582 4128 690 4214 Ἰωσήφ
712 4073 1000 4218 παρανοιμωρᾶιον,
1019 4139 1076 4202 τοῦ
1087 4129 1121 4199 τι)
1137 4127 1277 4215 ιίιιήιιοον

219 4263 244 4335 “)
262 4264 304 4322 lla
316 4265 382 4322 Cod-
397 4265 483 4324 vaus.
496 4266 547 4325 Ns.
566 4263 632 4332 16³,
650 4264 695 4322 lol.
708 4267 741 4324 61
753 4274 831 4324 recto.
