2959 4850
267 268 345 347 656
508 282 550 352 N.
568 280 615 349 M.
635 277 838 348 FOGGINII
856 274 1204 347 ADNOTATIONES

266 442 302 502 in
314 440 471 504 acrihendo
482 440 658 502 confuderit
671 438 775 517 ltaque
781 436 909 517 aliquem
921 436 1023 517 potina
1028 436 1213 499 veaaiculum
1222 436 1366 503 interme.

164 532 252 592 cota
268 528 353 589 dium
368 528 500 589 omieiaee
516 527 634 586 malimz
649 523 731 603 quod
744 524 861 583 faciliua
873 522 992 583 evenire
1004 522 1090 585 colet.
1118 524 1212 585 Porro
1229 544 1299 584 cnm
1314 526 1367 585 lu·

264 612 326 675 liua
342 614 447 673 Cneaar
464 614 498 673 in
511 612 598 672 Curia
612 608 754 690 Pompeii,
768 608 818 667 ubi
834 610 974 667 Senatum
992 616 1138 686 coegerat,
1154 630 1173 667 a
1184 610 1279 669 Bruto
1295 620 1367 671 ante

264 698 398 759 eiusdem
412 698 543 778 Pompeii
561 704 688 755 statuam
707 694 798 754 fuerit
815 692 974 772 perfidiose
988 694 1155 771 consoaaua,
1175 694 1366 755 veriaimilli-

265 804 349 845 mum
364 802 426 843 eoae
445 783 576 857 videtur,
592 779 792 840 Theodotium
806 778 894 837 liniue
908 778 952 837 rei
974 777 1156 855 meminisse,
1178 779 1252 839 adeo
1265 792 1299 840 ut
1309 780 1365 840 ‹ti-

264 869 354 943 xerit,
375 868 458 948 quod
472 868 582 927 Brutuo
597 866 728 944 Pompeii
741 864 877 924 manibue
890 864 988 939 litana,
1011 864 1141 925 ciente
1154 866 1292 943 sanguine
1304 886 1366 945 pu-

264 954 382 1031 gionem
403 953 541 1027 tinxerit,
563 952 613 1012 vel
636 950 709 1030 quid
727 949 840 1025 aimile,
861 948 944 1029 quod
966 948 1120 1009 commode
1137 949 1170 1010 in
1184 950 1365 1011 intermedio

264 1038 416 1099 versiculo
430 1038 527 1119 poaeit
540 1037 645 1118 aptari.

349 1158 421 1223 228.
442 1151 565 1238 Κρᾶςοι]
586 1156 631 1215 lta
643 1162 740 1215 exatat
749 1152 783 1213 in
798 1152 918 1213 Codice:
934 1151 986 1213 aed
1008 1121 1110 1215 errore
1123 1155 1224 1216 ioman
1234 1153 1364 1218 librarii.

265 1241 425 1302 Corneliua
440 1252 611 1323 opportune
626 1239 834 1319 corrigendum
851 1238 1006 1301 adnotavit
1017 1234 1135 1323 aprione.

350 1364 423 1428 227.
443 1358 558 1438 Δίωνα]
582 1360 643 1419 Cur
657 1359 781 1419 Dionem
806 1356 940 1417 cicadam
960 1376 995 1417 ac
1016 1358 1289 1439 eapientem'lyram
1305 1378 1364 1439 ap-
1386 1424 1393 1430 ,
1455 1368 1467 1401 ⁸

263 1444 366 1526 pellet,
378 1466 441 1505 non
457 1444 532 1505 bene
545 1445 698 1523 intelligo;
712 1450 819 1524 poetae
832 1442 911 1503 enim
927 1442 1029 1523 potius
1044 1462 1133 1523 quam
1146 1442 1288 1503 historico
1305 1442 1364 1502 hae

264 1530 480 1609 appellatione·
504 1530 727 1606 convenicaent,
750 1528 809 1589 niei
834 1528 899 1606 quia
917 1528 1003 1587 malit
1018 1548 1034 1585 a
1052 1527 1218 1589 Theodosio
1237 1530 1363 1588 Dionem

264 1613 308 1673 ita
321 1634 382 1673 acac
395 1614 577 1695 appellatum
594 1623 719 1694 propter
731 1614 795 1673 eiua
811 1612 989 1692 aingulmm
1002 1612 1172 1673 facundiam
1185 1614 1363 1693 degentem.

265 1696 326 1778 q'ue
345 1698 457 1759 atilum.

348 1820 420 1883 231.
438 1812 496 1880 Τὸν
507 1818 565 1880 τοῦ
579 1815 745 1897 Φιλίππου]
762 1815 893 1897 Phssippi
904 1815 1012 1892 filium,
1027 1817 1140 1879 scilicet
1155 1816 1363 1879 Alexandrum

263 1896 419 1979 Magnum,
441 1902 527 1962 cuiue
548 1902 642 1965 vitam
661 1924 698 1965 ac
717 1923 767 1965 rea
786 1902 823 1962 ab
839 1920 874 1963 eo
893 1904 1045 1985 praeclare
1060 1914 1156 1983 geatea
1173 1903 1291 1985 copiose
1305 1902 1361 1963 de·

263 1985 387 2069 ecripait
407 1986 595 2050 Plutarchus.

707 2195 913 2215 ψ

486 2374 543 2442 ΙΝ
563 2373 824 2460 QUARTAM
843 2370 1125 2442 ACROASIM.

160 2566 246 2628 (3021
345 2502 429 2606 Vera.
451 2551 482 2613 2
500 2539 552 2610 Ἐν
571 2542 775 2631 παραστάσει]
797 2548 835 2607 In
858 2547 977 2621 excidio,
999 2567 1053 2606 aen
1070 2547 1182 2625 procul
1196 2567 1218 2604 a
1230 2547 1358 2626 patric:

261 2649 332 2690 nam
354 2629 435 2691 inter
453 2631 574 2711 plurea,
596 2653 669 2712 quaa
686 2631 758 2692 huic
779 2632 849 2692 voci
863 2633 970 2691 Graeci
988 2631 1201 2712 explicationes
1213 2631 1358 2707 tribuere,

261 2733 297 2776 ec
308 2715 511 2796 potiaaimum,
532 2717 605 2777 licet
617 2717 716 2777 minuo
730 2715 836 2795 obvia,
855 2715 1015 2778 Theodoaii
1032 2737 1151 2776 aeneum
1165 2716 1314 2797 exprimit.

345 2832 377 2900 4·
401 2837 534 2914 Χειμῶνο
549 2833 669 2922 πολλσῇ
691 2835 822 2895 Graecos
844 2845 948 2896 contra
970 2834 1111 2896 barbaroa
1126 2835 1159 2894 iu
1173 2835 1261 2895 Creta
1275 2835 1359 2894 mili-

258 2925 357 2980 tantea
375 2919 485 2998 frigore
506 2920 580 2982 adeo
600 2921 692 2981 fuiaae
718 2921 863 2998 afflictor,
884 2930 921 2981 ut
938 2920 1059 2980 domum
1081 2919 1192 2980 reverti
1205 2920 1359 2998 cogitave-

258 3004 340 3082 rint,
360 3011 426 3064 tum
447 3006 567 3066 Simeon
587 3003 726 3085 Magiater
747 3015 778 3067 et
796 3005 960 3086 Logotheta
981 3005 1014 3065 in
1036 3005 1123 3066 Rom.
1139 3005 1205 3064 Iun.
1221 3025 1303 3066 num.
1320 3005 1357 3064 ll.

258 3109 291 3170 p.
301 3090 372 3162 498,
393 3097 460 3148 tum
473 3089 671 3151 continuator
684 3089 875 3172 Theophanis
891 3091 925 3150 in
938 3090 1097 3152 Romlun.
1111 3109 1191 3150 num.
1203 3089 1271 3150 Xll.
1290 3109 1356 3169 pag.

260 3177 334 3240 299.
346 3173 509 3251 accipiere:
533 3185 622 3254 atque
638 3175 665 3235 ia
682 3177 804 3256 quidem
820 3174 984 3257 Nicephori
1004 3193 1121 3254 quoque
1135 3175 1356 3250 allocutionem,

260 3276 321 3337 qua
335 3257 444 3316 militen
458 3257 594 3336 detinuit,
617 3280 634 3317 a
649 3260 785 3319 Simeone
798 3261 1005 3320 tantummodo
1021 3261 1190 3336 indicatum,
1211 3259 1357 3336 integram

258 3341 375 3404 recitat.
417 3340 528 3403 Verum
544 3343 726 3404 Theodoeiua
741 3343 799 3405 hoc
813 3346 943 3404 militum
967 3345 1124 3404 concilium
1146 3353 1175 3403 et
1195 3341 1357 3425 Nicephoai

259 3426 471 3488 allocutionem
487 3429 608 3488 omnino
622 3428 754 3506 reticuit,
775 3431 878 3508 quain
893 3450 926 3489 re
940 3450 1009 3489 cum
1023 3431 1118 3488 Leone
1133 3429 1263 3488 Diacono
1280 3445 1356 3487 cona

256 3510 357 3588 uertit,
371 3510 433 3592 qui,
449 3523 595 3592 quantum
610 3534 649 3573 ex
660 3514 722 3575 eiua
737 3507 887 3594 excerptio
904 3515 1002 3594 colligi
1020 3523 1119 3594 poteat
1133 3513 1213 3595 apud
1230 3514 1356 3594 Pagium

255 3595 328 3658 ibid
348 3617 415 3679 pag.
431 3600 511 3676 875,
532 3599 565 3659 id
580 3599 679 3680 ipaum
694 3619 924 3662 commemorare
938 3597 1148 3679 praetermisit.

254 3795 283 3862 Α
338 3710 611 3869 ἷὶΦοῖῗῖἴῶδεις
635 3711 767 3798 τόπους]
795 3716 886 3798 Vide,
920 3737 995 3799 quae
1019 3718 1157 3800 euporius
1182 3716 1354 3780 notavium

283 3818 327 3863 cr.
395 3820 426 3863 v.

338 3921 369 3985 8·
385 3911 611 4001 Ἐξολαθέπος]
630 3919 675 3980 lta
692 3921 769 3982 hene
789 3919 908 3998 Codex,
935 3941 996 3980 non
1016 3916 1199 4000 ἔξελθὲπος,
1228 3929 1264 3982 ut
1282 3920 1354 4000 legit

255 3999 420 4084 Corneliua,
444 4005 495 4086 qui
509 4004 579 4068 ideo
592 4025 713 4066 veraum
725 4003 944 4066 claudicantem
961 4005 1063 4068 edidit.

339 4122 391 4190 14.
412 4121 566 4206 Anyooiv]
588 4123 640 4184 Sic
654 4143 693 4184 ex
710 4124 821 4187 (lodice
837 4123 978 4188 reatituea
1002 4126 1147 4210 οιῐλιιγιὸνΙ
1157 4126 1238 4190 forte
1251 4141 1354 4188 errore

254 4206 438 4290 typographi
458 4207 493 4270 in
514 4208 678 4274 editionem
692 4209 825 4276 Cornelii
842 4209 978 4293 irrepsit.
