2959 4850
544 321 800 421 emeseno:
986 283 991 294 ’
1118 333 1179 384 m

107 485 152 567 (ιιι
172 481 269 550 231).
288 481 339 548 24.
356 479 421 565 l).:)
443 481 567 559 deinde,
586 482 667 544 idem
684 483 877 562 vocabulum,
897 475 1136 634 sliquqtlinaie
1126 508 1176 550 rn-

106 587 234 662 ter-iectis,
252 583 403 644 libenter'
393 586 504 646 iterari.

179 687 253 750 Vlll.
274 685 361 763 Dixi,
383 676 727 763 criminosiusforresse„
745 707 822 768 quoe
836 685 870 746 in
890 687 988 751 Leone
1004 689 1106 770 culpet
1117 658 1177 750 bli-

102 790 178 872 quis:
198 807 255 848 nac
270 789 404 869 prolecto
424 807 477 866 ego
500 787 527 846 is
545 809 609 849 sum
618 807 702 868 ,qur
694 788 816 850 'leudes
829 789 985 870 scriptoris
1003 791 1176 873 cuiuspiam,

103 914 147 954 cur
138 891 328 967 'studuerim,
349 891 418 970 plus
435 910 524 969 quarn
539 889 609 949 satis
625 889 665 948 sit
682 890 846 954 decantem.
886 891 972 952 Nunc
984 913 1111 973 aequum
1122 903 1177 971 est,

103 1015 169 1076 quse
182 994 218 1055 ab
240 994 295 1055 illo
311 993 420 1052 iaciant
429 1038 438 1069 ,
459 993 723 1054 iternenumerere.
768 993 810 1054 bo
826 993 924 1073 primo
940 994 1059 1076 quidem
1070 1015 1176 1074 mcgne

102 1107 140 1158 eet
154 1098 258 1156 leonia
277 1094 510 1171 commendatio,
532 1095 612 1174 quod
632 1115 707 1174 quae
729 1095 793 1175 ipse
806 1095 918 1156 viderit
930 1094 1038 1156 litteris
1050 1095 1175 1156 mande-

101 1197 148 1274 vit,
165 1196 376 1275 habendasque
391 1206 435 1256 est
449 1195 529 1256 inter
542 1195 701 1277 scriptores
715 1198 798 1278 illos,
819 1198 900 1257 unde
915 1197 967 1256 alii
975 1243 984 1275 ,
1006 1197 1059 1278 qui
1073 1206 1176 1278 poete*

100 1299 154 1359 rius
166 1299 303 1374 fument,
325 1297 409 1376 quasi
433 1317 448 1358 e
462 1299 545 1360 fonte
561 1299 715 1380 capiteque
728 1302 913 1363 narrationes
927 1320 1028 1362 rerum
1041 1299 1175 1361 deduxe-

99 1409 170 1462 runt.
210 1400 261 1462 Sic
277 1401 437 1480 Scyliteem
452 1409 618 1462 mutuatum
637 1421 697 1463 esse
709 1403 747 1463 ab
759 1406 856 1465 Leone
868 1404 964 1464 multa·
975 1400 1174 1464 demonstravi
1189 1412 1221 1467 Ρ.
1238 1415 1262 1467 1
1363 1471 1366 1477 ,

98 1501 127 1560 in
143 1501 233 1562 notis:
255 1524 272 1561 a
293 1504 424 1584 Scylitre
447 1514 544 1564 autern
566 1506 663 1566 omnia
684 1507 806 1569 minima
822 1510 950 1568 maxima
969 1502 1105 1566 sumsisse
1118 1505 1175 1564 Ce-

100 1603 211 1664 drenum
221 1612 329 1666 notum
344 1615 397 1671 cst.
438 1609 582 1668 Zonaram
597 1607 668 1668 item
684 1629 771 1670 usum
783 1628 847 1670 esee
859 1607 990 1668 Historia
1003 1607 1110 1666 Leonis
1125 1628 1176 1668 ar·

99 1704 197 1766 bitror:
211 1706 276 1770 rid.
288 1708 420 1787 Ducang.
433 1710 470 1769 ad
483 1711 588 1772 Zenon
599 1712 634 1774 Il.
652 1717 724 1780 107.
738 1711 774 1770 Β.
793 1710 913 1790 Pagiunr
928 1729 1045 1790 quoqne
1059 1729 1098 1770 ex
1114 1730 1176 1770 no-

100 1817 152 1868 stro
171 1829 233 1870 non
254 1829 354 1890 peuce
376 1811 509 1872 videmus
533 1814 701 1874 emendasse
708 1859 717 1892 ,
738 1834 755 1872 a
776 1811 992 1873 recentioribus
1012 1810 1044 1870 in
1060 1812 1176 1872 ratione

99 1918 250 1992 temporum
273 1913 461 1975 conturbate.
503 1915 547 1974 lta
567 1913 603 1974 ab
616 1913 674 1974 har:
687 1923 848 1995 partenon
858 1913 1021 1974 iniucunde
1039 1912 1177 1976 erirstu-

100 2012 176 2074 diosis
191 2013 404 2095 historioieque
421 2014 591 2076 hominibus
612 2017 794 2097 comparatio
815 2015 971 2098 scriptoris
990 2014 1089 2076 nostri
1106 2033 1176 2074 oum

98 2114 210 2195 reliquie,
227 2116 284 2196 qui
299 2117 400 2178 eadem
410 2117 609 2178 tradiderunt.
641 2117 744 2197 Neque
757 2129 844 2198 neget
856 2119 1022 2199 quisquam,
1042 2136 1091 2176 res
1103 2125 1177 2197 post

100 2217 197 2277 obitum
216 2219 350 2279 Romani
368 2219 496 2281 lunioris
516 2219 549 2279 in
564 2220 632 2279 aule
643 2227 736 2300 gestre
753 2218 823 2301 (19.
837 2220 871 2279 B.
884 2217 966 2300 eq),
985 2219 1179 2280 rebellionem

100 2317 189 2378 leonis
210 2321 410 2401 Ouropelatbe
426 2318 497 2406 (90.
510 2315 583 2406 lb),
604 2319 681 2380 bella
694 2319 855 2381 Trimiscre
871 2341 927 2402 per
940 2321 1090 2382 Orientem
1102 2316 1173 2405 (99.

100 2419 133 2489 b,
148 2417 229 2509 sqq.)
251 2424 409 2485 commode
428 2427 465 2484 ab
482 2424 534 2485 illo
559 2424 684 2505 exponi,
703 2424 818 2485 bellum
834 2423 1175 2507 Sphendoetlrlabienum
1239 2488 1243 2498 ,

101 2523 153 2583 lure
165 2544 283 2604 queque
297 2548 332 2587 so
345 2526 508 2606 diligenter.
551 2528 594 2587 De
605 2525 775 2608 Nicephoro
788 2527 914 2607 periurii
927 2546 978 2587 reo
990 2528 1041 2594 25.
1055 2528 1089 2586 Ι).
1103 2526 1174 2587 satie

100 2644 187 2704 magna
206 2627 363 2705 libertate,
385 2629 422 2691 de
438 2628 581 2689 Trirnieoe
597 2628 687 2689 buius
701 2648 875 2709 percussore
891 2646 992 2687 severe
1010 2637 1042 2687 et
1054 2628 1175 2691 fortiter

100 2728 217 2808 scripsit,
238 2739 279 2789 ut
288 2728 446 2795 ,hominem
459 2730 534 2791 recti
547 2729 724 2809 honestique
737 2728 905 2789 studiosum
923 2728 1012 2788 leoile
1024 2748 1174 2807 sgnosors.

100 2831 216 2913 Denique
233 2836 382 2908 Leonem,
401 2833 585 2913 temporibus
609 2833 724 2894 miseris
748 2840 779 2890 et
800 2830 894 2894 caecis
912 2831 948 2890 ad
968 2830 1124 2891 historiam
1143 2851 1176 2892 se

102 2936 302 3011 contuentem,
323 2934 426 3013 inique
446 2954 597 3015 compares
620 2952 688 2993 oum
708 2932 989 3013 pronunciatoribnr
1001 2954 1101 2993 rerum
1119 2952 1174 3011 ge-

101 3042 196 3095 stuum
214 3038 343 3097 florente
364 3036 486 3097 Graecia
492 3082 502 3113 ,
531 3035 600 3117 qui,
623 3034 807 3095 curriculum
823 3033 905 3093 nocti
923 3034 1057 3114 felicius,
1084 3054 1174 3095 aurea

101 3136 226 3197 untionis
243 3138 387 3199 facultate
401 3138 448 3199 usi
456 3184 465 3215 ,
486 3138 542 3199 teti
555 3149 701 3197 terrarum
712 3135 779 3195 orbi
793 3144 882 3215 etque
895 3135 1033 3196 omnibus
1047 3135 1175 3197 eeeculia

100 3238 265 3314 cognitionis
283 3248 313 3301 et
330 3240 513 3321 eloquentiae
533 3239 693 3299 clarissima
706 3237 820 3298 lumine
830 3237 991 3299 accendere
1001 3248 1174 3318 potuerunt.
1276 3236 1282 3258 '

101 3336 193 3399 llorter
203 3340 332 3419 iudicio,
354 3343 507 3420 doctrina,
525 3360 631 3422 genere
643 3339 778 3418 dicendi,
799 3340 966 3420 exprimere
979 3339 1082 3399 debuit
1095 3348 1173 3399 tem-

101 3458 195 3516 porum
212 3444 521 3525 suorum-imaginem.
563 3443 769 3521 Quapropter,
788 3442 880 3501 modo
896 3442 994 3502 lucem
1013 3440 1104 3529 addet
1119 3460 1175 3501 re-

103 3538 145 3600 bus
163 3563 195 3603 ea
216 3554 312 3606 aetate
334 3547 422 3627 gestis
443 3544 545 3632 (quod
562 3545 700 3627 prolecto
721 3542 830 3623 iecit),
851 3543 939 3603 facile
957 3545 1085 3604 seramus
1107 3562 1174 3602 eum

102 3646 262 3727 analogiae
279 3646 368 3709 fidem
389 3649 526 3710 habuisse
548 3648 619 3715 104.
633 3648 666 3707 C.
681 3645 815 3725 exiguam
830 3643 1025 3725 geographiae
1039 3644 1175 3704 notitiem

102 3747 212 3822 prodere
230 3753 281 3815 80.
302 3751 337 3811 Δ.
357 3749 499 3813 historiae
519 3752 629 3816 veteris
644 3755 695 3819 92.
711 3751 743 3812 D.
755 3778 798 3794 -
809 3746 925 3827 Polybii
944 3766 1068 3806 acumen
1082 3745 1175 3805 mirr-

102 3866 175 3927 mor,
193 3848 347 3911 Plutarchi
359 3854 490 3930 litterae,
512 3855 626 3935 copiam
642 3850 808 3913 Strabonis.
825 3834 829 3840 ¹
851 3848 912 3922 Qui
925 3848 1004 3907 tanti
1015 3847 1075 3907 viri
1088 3857 1176 3926 atque

103 3949 174 4029 tiles,
187 3952 339 4033 praesidiis
349 3956 508 4037 sapientiae
523 3952 723 4035 circumsepti,
736 3953 762 4012 ei
777 3969 891 4013 errores
905 3948 1061 4030 deponere,
1073 3950 1176 4029 lapsus

103 4050 185 4113 uitrre
201 4075 303 4115 omnes
323 4077 386 4119 non
404 4066 583 4137 potnerunt,
605 4056 673 4136 quis
693 4064 756 4115 tam
772 4052 857 4113 rudis
872 4059 917 4112 eat
929 4059 1097 4132 temporum
1109 4052 1175 4129 By-

41 4172 44 4182 ·
105 4160 293 4237 munorum,
312 4160 365 4239 qui
377 4162 505 4221 Leonem
528 4160 559 4217 id
578 4156 713 4239 potuisse
736 4153 845 4237 putet?

173 4261 226 4323 IX.
244 4263 333 4325 Hunc
344 4262 510 4343 igitur,illa
519 4262 633 4323 virtute
643 4256 798 4336 historioa,
811 4274 1005 4337 quaecunque
1017 4262 1073 4332 est,
1092 4270 1178 4333 prae-
