2959 4850
243 255 324 304 mr
441 315 444 321 ,
641 246 679 314 C.
698 245 737 314 Β.
757 242 873 315 HASll

245 405 332 488 pior.
374 403 446 468 llll
469 401 613 486 lleqlroii
626 399 780 491 deridentes·
794 402 846 470 cdv
861 403 984 490 orgerio
996 406 1049 472 nol
1061 405 1173 482 Ῑθίζειο
1193 405 1237 472 [τι
1251 405 1336 494 inq

194 569 199 588 ἱ
245 508 309 593 ldiqt
322 502 408 583 dero,
420 501 505 577 'uere'
517 499 603 582 τάξιν
616 500 798 588 detorserim
812 508 863 572 ecl
881 509 1061 594 ὁδοιπορεῖν.
1093 510 1168 573 LlV.
1190 510 1269 592 Περὶ
1279 511 1336 574 τοῦ

244 601 486 679 διαλλάττεσθαι
497 604 552 684 esic
567 602 741 683 ἐκτελοιὶοος
754 605 853 689 τάξεις
866 609 924 694 τήν
938 616 992 677 τοῦ
1005 608 1084 678 etse
1096 612 1262 689 emotas,
1283 607 1336 677 tut

243 706 298 775 τόν
320 705 418 775 zotta
433 703 531 775 ιιόπον
546 715 602 774 rosi
619 707 763 793 ἄρχοντος
783 717 824 789 *t
862 714 924 777 LV.
949 715 1028 798 Περὶ
1048 713 1336 796 resumptus

244 813 405 890 douteroiv,
426 807 473 878 ὅτι
490 808 546 895 χρή
565 807 624 897 πρὸ
645 812 789 895 ἡμετέρας
810 809 921 899 ταύτης
940 816 1149 902 λιλογιομὲνης
1170 816 1208 897 [l.
1223 813 1337 900 ἡμέρας

242 910 351 989 ταύτας
362 913 592 998 λελογισμένοι]
611 919 728 980 ποιοῦν
741 917 795 981 sel
807 919 1012 988 διατίθιοθοι.
1052 921 1111 999 Es,
1128 919 1262 1000 inquam,
1283 937 1336 978 cs·

242 1015 324 1098 pite,
345 1017 561 1098 qualiacunque
583 1027 668 1100 sunt,
691 1028 721 1080 et
739 1020 884 1103 descripsi
900 1023 1078 1105 iampridem
1094 1032 1123 1083 et
1137 1023 1244 1082 Latine
1259 1041 1336 1082 oon-

167 1131 174 1162 *
241 1120 335 1197 verti,
357 1130 392 1182 ut
412 1120 446 1182 in
464 1121 656 1202 subsequenti
675 1122 775 1203 eliquo
793 1125 950 1186 volumine
969 1125 1056 1188 tscile
1076 1124 1197 1204 wlgeri
1213 1130 1335 1205 quent,

240 1220 268 1282 si
280 1223 369 1282 modo
383 1224 463 1284 tanti
476 1224 618 1286 videntur
631 1225 766 1288 eruditis.
809 1227 947 1304 Quorum
959 1228 1106 1292 iudicium
1115 1226 1174 1288 lrec
1187 1227 1226 1290 ds
1234 1245 1270 1288 re
1279 1243 1336 1286 sx-

242 1324 348 1406 quiro,
368 1346 469 1388 meum
483 1327 601 1390 nullum
616 1327 821 1412 interponens.

123 1487 153 1540 Ρ.
170 1486 228 1540 xvi
326 1479 395 1541 XII.
415 1479 477 1546 lem
493 1480 574 1562 quod
591 1482 630 1542 sd
642 1481 919 1565 interpretationem
937 1459 1072 1544 Latinam
1092 1480 1241 1543 Historiae
1257 1477 1336 1539 Leo·

149 1621 155 1636 ,
241 1579 290 1642 nis
307 1583 431 1661 attinet,
452 1583 534 1645 locos
546 1585 693 1646 versionis
708 1586 958 1664 combefisianae,
979 1585 1013 1646 in
1029 1585 1147 1647 criticis
1161 1581 1233 1662 Pagi
1249 1579 1337 1664 (vide

241 1703 333 1765 euprs
347 1705 412 1766 pag.
427 1685 466 1753 V.
479 1683 527 1769 D.)
549 1697 691 1766 servatos,
712 1690 772 1749 nisi
782 1689 836 1750 ubi
848 1689 1004 1750 manifesto
1019 1689 1122 1770 lnpeus
1138 1696 1218 1758 eret,
1232 1682 1337 1743 iisdem

240 1789 457 1869 propemodum
476 1789 577 1851 verbis
594 1790 627 1850 in
640 1791 800 1852 editionem
817 1813 912 1852 meam
924 1789 1026 1850 retuli
1068 1789 1159 1849 Cuius
1171 1787 1214 1848 rei
1227 1805 1337 1846 unum·

241 1910 390 1971 quemque
409 1893 591 1954 admonitum
612 1914 674 1954 esse
695 1896 803 1956 velim:
824 1917 877 1974 ne,
903 1892 930 1954 si
957 1911 1046 1974 quem
1068 1889 1102 1950 in
1125 1889 1266 1952 versione
1284 1896 1337 1946 sut

239 1993 311 2072 styli
332 1993 550 2074 inconstantia,
570 2004 622 2056 sut
641 1995 796 2078 quippiam
817 1996 944 2058 fortusse
967 2015 1031 2054 non
1054 1992 1125 2053 retis
1150 1998 1337 2072 pereatque

157 2101 160 2113 ’
239 2096 393 2158 emendate
409 2097 522 2158 dictum
540 2097 715 2178 offenderit,
738 2099 884 2160 continuo
901 2097 934 2156 id
946 2096 980 2156 in
992 2093 1253 2176 reprehensionem
1264 2111 1337 2151 rer-

238 2197 364 2259 tendum
379 2209 476 2280 putet.
519 2199 592 2259 Nem
615 2209 678 2259 crat
702 2199 895 2260 combefisius
917 2197 1009 2260 homo
1033 2197 1102 2277 pius
1123 2194 1244 2285 quidem
1261 2191 1338 2252 etin

237 2298 328 2358 rebus
350 2300 441 2360 eecris
465 2300 654 2378 singulariter
674 2300 800 2379 doctus,
823 2298 877 2360 sed
894 2301 947 2380 qui
964 2317 1119 2378 nunqusm
1138 2296 1175 2355 ab
1195 2291 1337 2354 orationis

239 2401 399 2482 asperitate
412 2401 618 2513 moestitieque
634 2402 733 2462 obesse
749 2402 858 2483 potuit.
901 2401 994 2463 Nobis
1007 2417 1126 2482 quoque
1141 2397 1174 2457 in
1193 2395 1336 2455 universo

149 2508 152 2519 '
239 2502 393 2563 volumine
406 2502 525 2583 linguae
543 2514 632 2584 atque
648 2504 828 2565 elocutionis
845 2524 918 2564 cura
933 2501 1064 2586 (vereor)
1087 2520 1150 2562 non
1163 2506 1248 2557 tanta
1266 2494 1335 2574 fuit,

189 2590 190 2595 ἵ
239 2612 351 2683 quante
366 2622 430 2664 esse
450 2614 585 2686 poterat,
607 2606 731 2667 sonasse
752 2606 842 2667 etiam
857 2606 992 2667 debebat.
1035 2602 1095 2663 Sed
1115 2600 1234 2662 venium
1254 2604 1336 2658 eius-

238 2705 320 2767 modi
340 2706 459 2767 iacilins
480 2706 545 2768 deri
559 2728 647 2789 posse
662 2709 800 2769 existimo
823 2708 1007 2789 Byzantinos
1027 2702 1172 2765 historiae
1182 2699 1334 2778 studiosis,

239 2807 422 2889 omninoque
434 2808 470 2869 iis
489 2809 539 2889 qui
553 2810 587 2870 in
601 2810 799 2891 scriptoribus
813 2810 905 2871 medii
920 2808 1003 2887 aevi,
1023 2807 1124 2868 nescio
1136 2805 1213 2887 quid
1225 2803 1335 2864 barba-

237 2931 308 2971 rum
329 2920 359 2971 et
379 2910 594 2973 inconcinnum
619 2912 811 2992 sonantibus,
842 2913 1052 2994 cogitationem
1074 2906 1186 2991 perdiu
1203 2916 1334 2989 ponunt.

238 3014 403 3091 Praeterea,
415 3014 563 3075 bonorum
576 3014 757 3095 scriptorum
770 3017 941 3098 exemplum
955 3021 1145 3088 consecutus,
1153 3010 1203 3072 rel
1215 3010 1250 3070 in
1262 3030 1335 3070 ver-

237 3116 283 3175 bis
305 3116 344 3175 ed
366 3116 523 3197 religiones
548 3118 814 3199 persuasionesque
840 3114 1077 3199 pertinentibus,
1108 3113 1162 3173 ubi
1187 3110 1335 3172 difficilli-

236 3237 319 3278 mum
340 3228 417 3296 erat,
449 3218 543 3279 malui
560 3219 712 3280 interdum
735 3218 851 3301 aliquid
871 3218 978 3279 endere
996 3216 1113 3297 potius,
1143 3235 1233 3293 quam
1252 3212 1335 3272 Lati·

236 3340 307 3379 num
324 3321 488 3383 cretionem
504 3303 606 3383 mullis
622 3315 744 3382 Graecis
757 3320 912 3381 vocabulis
925 3318 1094 3398 inquinare.
1139 3319 1275 3377 Nomina
1287 3337 1335 3374 re-

237 3444 308 3482 rum
325 3425 444 3483 Graeca
460 3420 539 3506 quae
552 3427 755 3485 convertimus
771 3422 820 3506 (ut
835 3422 990 3483 Cornificii
1003 3419 1103 3480 verbis
1118 3428 1203 3511 uter,
1226 3426 1332 3498 querto

236 3524 501 3611 Rhetoricorum)‚
520 3552 555 3589 ea
567 3540 682 3588 remota
703 3536 776 3584 eunt
798 3547 820 3583 a
834 3520 1168 3605 consuetudinerquae
1187 3522 1264 3579 enim
1285 3540 1334 3577 ree

236 3624 325 3705 apud
337 3640 457 3688 nostroe
471 3652 532 3690 ιιοιι
545 3642 631 3690 want
638 3678 648 3709 ,
670 3626 890 3688 rerumrerum
905 3628 1030 3687 nomino
1048 3646 1108 3683 non
1115 3633 1258 3703 poterant
1273 3642 1334 3680 ease

237 3732 365 3791 ιιιὶιαια.
419 3733 641 3813 Designetiones
671 3732 868 3811 dignitatum,
903 3724 1096 3803 Patrierclre,
1134 3724 1332 3797 Domesticus,

236 3830 440 3911 manganes,
463 3836 580 3914 elinque
595 3834 628 3894 id
640 3854 748 3913 genus,
768 3830 935 3893 necessario
949 3826 1077 3903 retinui,
1097 3826 1213 3895 tametsi
1229 3845 1267 3882 ex
1280 3825 1333 3882 ni·

236 3932 384 3994 tidiesimo
399 3936 570 3997 Latinitatis
592 3937 676 3997 sonte
697 3934 928 4014 haudquaquam
943 3927 1154 4011 profluxerint.
1204 3924 1332 3999 Quaeri

272 4118 302 4189 n
325 4118 372 4174 sn
388 4118 494 4175 ceren
517 4118 564 4173 sse
585 4121 653 4174 iseo
678 4118 765 4189 sapite
788 4080 1047 4172 numm-‘eene
1063 4114 1161 4165 nuere
1176 4106 1229 4163 sio
1244 4102 1333 4163 -ιό-

305 4207 377 4260 πον,
393 4192 448 4247 τοῦ
464 4185 616 4261 ἄρχοντος,
631 4188 660 4246 ei
673 4185 812 4256 descrit,
829 4185 963 4255 poeno
978 4176 1077 4237 αὖτοῦ·
1351 4223 1354 4238 ,
