2959 4850
217 274 294 353 244
475 282 535 353 DE
555 282 854 355 VELYPA'I‘IONE
873 282 1058 353 nfflrce

222 452 280 539 τὴν
295 448 498 540 παραδρομὴν
510 454 672 527 ποιοῖντος
679 497 689 531 ,
716 450 773 515 τὸν
786 445 943 536 κρείττονα
955 454 1020 515 ταῖν
1036 450 1235 535 στρατηγῶν,
1262 447 1317 511 καὶ

196 556 277 623 Dlrr'
298 554 422 645 ἀνδρείρι
442 556 493 619 καλ
515 555 694 643 πολυπειρίρι
712 550 885 636 ἀνομαστδν
903 554 955 617 καὶ
977 550 1210 635 ἐπαινούμενον,
1236 546 1316 632 μετδ

223 660 346 742 ἱππικῆς
362 660 413 723 καί
426 658 545 739 πεζικῆς
565 652 724 741 ἀξιολόγου
743 652 900 738 δυνάμεως
920 654 999 719 κατὰ
1017 660 1073 738 τῆς
1085 659 1148 719 τῶν
1162 654 1316 735 πολεμίων

223 761 418 828 ἀποστέλλειν
429 757 536 845 χώρας
541 807 552 840 ,
582 760 633 824 καὶ
648 759 796 845 χρονίζειν
816 759 850 823 ἐν
866 757 962 843 αύτῇ,
990 760 1041 821 καλ
1056 761 1236 843 πυρπολεῖν,
1263 756 1318 819 καί

222 863 394 951 ἀφανίζειν,
422 864 473 927 καί
488 859 606 947 κάστρα
620 867 806 947 πολιορκεῖν·
829 861 883 925 ἵνα
898 865 990 924 τούτο
1003 855 1164 933 ἀκούοντες
1179 857 1209 923 οῖ
1223 857 1341 923 πολύ-5

221 992 287 1050 μιοι
295 1016 306 1047 ,
334 967 385 1031 καὶ
402 964 446 1048 μὴ
459 964 648 1047 βουλομένου
664 971 720 1029 τοῦ
735 964 870 1049 ἀρχηγοῦ
886 961 1004 1041 οὔτῶν,
1033 957 1244 1046 ἀναγκάσωσιν
1258 959 1316 1025 αύ-

221 1068 277 1135 τδν
292 1067 487 1148 ἐπαναζεῦξαι
509 1067 586 1153 πρὸς
599 1066 656 1152 τὴν
672 1073 727 1150 τῆς
744 1069 824 1142 ἰδίας
836 1062 942 1151 χώρας
956 1066 1117 1147 ἐκδίκησιν.
1153 1057 1269 1127 ὁπόταν
1282 1061 1318 1126 δέ

222 1170 279 1246 τὰς
289 1168 395 1259 χώρας
408 1167 496 1254 ἡμῶν
510 1175 610 1247 καλῶς
625 1166 845 1256 ἐκσπηλεύσης,
872 1170 925 1233 καὶ
945 1165 1140 1253 φυγαδεύσης
1151 1166 1203 1230 καὶ
1216 1164 1272 1229 τὸν
1285 1165 1317 1229 ἐν

222 1272 328 1350 adroic
342 1276 484 1339 οίκοῦντα
504 1273 580 1337 λαὸν
595 1275 645 1337 καὶ
659 1272 699 1337 τά
711 1268 830 1337 τούτων
843 1271 1012 1357 θρίμματα
1023 1271 1055 1333 ἐν
1071 1265 1171 1355 όρεσιν
1183 1264 1318 1351 ύψηλοῖς

223 1378 274 1440 καί
290 1373 475 1459 δυσβάτοις,
504 1377 554 1441 καὶ
567 1380 768 1459 βουληθῶσιν
784 1373 815 1438 οῖ
829 1373 966 1456 πολέμιοι
979 1363 1166 1459 ψηλαφῆσαι
1180 1372 1231 1435 καί
1246 1369 1317 1435 ἀνε-
1325 1378 1361 1431 10

110 1474 436 1566 Ρ.158ρευνήσασθαι
459 1476 649 1543 τὰτοιαῦτα
671 1475 747 1561 ὅρη,
775 1475 916 1541 κάκεῖθεν
935 1471 1066 1551 τούτους
1088 1474 1319 1560 ἀνδραποδίσα-
1369 1526 1372 1533 .

225 1586 323 1661 σθαι,
351 1582 401 1644 καί
419 1581 589 1665 πανστρατλ
603 1577 771 1664 πλησιάσαι
785 1588 850 1654 τοῖς
864 1574 1016 1654 τοιούτοις
1029 1576 1134 1653 τόποις
1149 1572 1317 1659 θελήσωσι,

225 1684 277 1749 καὶ
290 1682 347 1757 τάς
362 1682 477 1766 σκηνὰς
490 1682 582 1748 ἐκεῖσε
595 1679 774 1766 πήξασθαι·
801 1680 931 1768 ὀφείλεις
948 1682 1001 1745 καὶ
1020 1680 1114 1757 αύτὸς
1128 1680 1161 1745 ἐν
1176 1687 1242 1755 τοῖς
1261 1676 1319 1761 μί-

225 1806 308 1873 ρεσιν
322 1786 443 1861 ἐκείνοις
461 1786 590 1868 πλησίον
609 1786 769 1870 γενίσθαι,
797 1786 841 1860 εἰς
857 1784 1007 1867 ἐκδίκησιν
1022 1789 1084 1848 τῶν
1098 1783 1223 1849 οἰκείων.
1267 1781 1320 1845 καί

225 1886 283 1972 εἷ’γε
297 1886 351 1951 τδν
361 1892 466 1975 χῶρον
479 1884 598 1973 θεάσῃ,
626 1887 658 1951 ἐν
674 1876 699 1975 ᾧ
720 1888 752 1953 οῖ
765 1886 904 1969 πολέμιοι
925 1884 1115 1966 αύλίζονται,
1143 1883 1217 1971 ἀρος
1230 1882 1317 1966 ἕχον·
1326 1890 1362 1945 15

221 2014 263 2059 ,τα
284 1986 304 2073 ἢ
329 1986 424 2055 τόπον
444 1984 568 2071 ὑψηλὸν
590 1991 641 2053 καὶ
663 1986 834 2073 ἐπιτήδειον
850 1988 927 2073 πρὸς
946 1985 983 2053 τὸ
1004 1987 1113 2065 νυκτὸς
1127 1986 1198 2052 κατ’
1216 1986 1319 2051 αὐτῶν

57 2106 111 2161 Pol.
123 2102 177 2163 tot
195 2090 409 2172 ι.“ἐπιθίσθαι,
437 2096 531 2157 τοῦτο
548 2085 729 2175 μελετήσας.
774 2093 825 2156 καί
840 2086 1051 2174 διασκοπήσας
1065 2095 1166 2167 καλῶς
1185 2088 1242 2174 τὴν
1262 2093 1319 2154 rori

221 2190 318 2260 τόπου
340 2194 447 2274 θίσιν,
475 2194 527 2257 καί
543 2189 696 2277 βοήθειαν
715 2194 831 2259 ἐκεῖθεν
850 2191 944 2276 ἔχων,
972 2192 1026 2259 τόν
1044 2192 1116 2258 κατ’
1134 2191 1237 2258 αὐτῶν
1256 2218 1319 2256 πα-

224 2292 416 2383 ρασκευάσῃς
430 2292 563 2377 πόλεμον
577 2296 703 2377 νυκτός,
730 2295 809 2380 μετὰ
821 2297 941 2380 πεζικῆς
956 2293 1112 2379 δυνάμεως
1124 2297 1175 2361 καί
1191 2295 1317 2375 ἱππίων,

193 2397 334 2476 Βκαθιδς
350 2400 418 2486 περί
437 2398 665 2482 νυκτοπολίμου
680 2399 843 2486 κατωτίρω
859 2398 1005 2485 εῖρηταικ
1029 2400 1080 2464 καὶ
1100 2396 1239 2485 μεγάλως
1258 2398 1360 2463 asi-m

220 2501 296 2578 τούς
316 2503 534 2588 τραυματίσεις
555 2504 607 2566 καλ
628 2499 826 2590 ἐκθροῆσεις,
861 2503 913 2566 καί
939 2499 1181 2589 παρασκευάσας
1201 2504 1318 2568 ἐκεῖθεν

219 2601 429 2693 ἀποχωρῆσαι.
470 2601 698 2693 καρτερούντων
723 2605 758 2668 δέ
782 2602 827 2668 ἐτι
846 2603 878 2668 ἐν
895 2604 997 2692 ἐκείνῳ
1018 2611 1065 2695 τῷ
1075 2602 1188 2694 χώρῳ,
1216 2610 1317 2681 καλῶς

221 2703 351 2786 inventio
371 2705 607 2794 ἀσφαλιζόμενοι
628 2709 680 2772 καλ
708 2701 1019 2795 παραφυλάττοντες,
1047 2710 1098 2773 καὶ
1119 2709 1316 2792 βουλομίνων

219 2809 417 2899 ἀνερευνῆσαι
430 2809 471 2876 τά
485 2808 542 2898 όρη
548 2858 560 2891 ,
589 2811 622 2876 ἐν
635 2805 681 2887 οἷς
694 2808 734 2889 τά
749 2805 924 2899 καταφύγω
936 2815 999 2876 τῶν
1008 2817 1150 2899 χωριτιῖν
1163 2807 1313 2899 τυγχάνει,

287 2975 330 3031 19.
351 2973 410 3046 καί]
428 2971 481 3032 oin
496 2973 573 3066 endd.

216 3109 320 3182 queris,
337 3110 461 3182 optimum
478 3131 511 3166 ex
524 3111 678 3184 praelectio,
694 3113 738 3184 qui
753 3111 786 3167 ob
804 3111 927 3169 virtutem
937 3127 1059 3183 usumque
1068 3111 1096 3168 in
1107 3128 1137 3166 re
1148 3109 1253 3166 militari
1265 3127 1314 3165 no-

109 3187 114 3201 *
215 3197 273 3234 rnen
286 3181 322 3232 eit
336 3187 363 3232 et
375 3177 474 3234 leudem
489 3191 594 3245 nectus,
611 3201 668 3236 num
683 3183 777 3236 idonee
795 3183 909 3254 equitum
927 3183 1083 3252 militumque
1099 3180 1175 3250 copie
1185 3181 1213 3233 in
1225 3181 1314 3249 regio-

216 3265 273 3302 nem
300 3247 504 3303 adversariorum
525 3250 676 3315 immittere,
699 3251 744 3320 qui
762 3269 817 3305 eom
835 3251 872 3304 ibi
889 3269 1044 3306 commorunt
1061 3250 1183 3304 incendiis
1203 3249 1314 3319 popule·

215 3317 329 3370 tionibus
347 3333 380 3370 ne
404 3324 496 3382 vexet,
519 3317 666 3389 oppidaque
686 3319 819 3374 obsidente
842 3330 873 3372 ut
889 3320 939 3373 bne
955 3337 985 3372 re
1011 3319 1100 3373 sudite
1117 3322 1205 3373 hostes
1222 3318 1312 3372 ouoen

215 3402 287 3440 suurn
305 3335 347 3439 vd
358 3385 466 3440 invitum
478 3385 511 3440 sd
522 3389 634 3469 petrium
646 3389 765 3442 mennon
775 3389 851 3459 eigno
861 3389 961 3442 referre
975 3396 1075 3457 nogent
1111 3389 1186 3452 Quod
1199 3385 1223 3438 si
1235 3403 1313 3456 egros

184 3461 186 3466 '
213 3463 316 3508 οοοιιοο
336 3455 473 3524 diligenter
490 3455 656 3520 emnenieris,
674 3457 862 3528 incolarumque
880 3460 983 3510 turbem
1001 3465 1078 3528 etque
1099 3473 1194 3528 pecore
1206 3457 1234 3510 in
1247 3457 1315 3510 alten

213 3541 371 3595 uperoeque
393 3529 492 3580 montes
510 3525 677 3595 compuleris3
695 3528 784 3580 hostes
802 3534 885 3580 nutem
907 3524 989 3579 velint
1002 3527 1152 3609 perquirere
1164 3543 1197 3579 ee
1209 3527 1271 3594 iuge
1281 3543 1313 3580 αα

213 3593 338 3658 serutari,
354 3594 521 3716 hominesque
546 3593 606 3647 inde
626 3595 653 3648 in
672 3597 822 3650 servitutem
841 3594 985 3660 ebducere,
1001 3597 1111 3666 ideoque
1128 3595 1244 3648 omnibun
1256 3611 1313 3648 enm

212 3661 295 3732 copiis
310 3661 434 3718 recedere
451 3682 467 3717 n
505 3663 629 3718 eiusmodi
644 3665 717 3729 Ιοοο,
735 3673 763 3718 et
781 3671 866 3718 oestro
877 3662 915 3716 ibi
930 3680 1027 3732 ponere
1041 3665 1171 3734 cogitentr
1190 3664 1269 3717 debes
1281 3672 1313 3718 tu

211 3747 314 3800 quoque
330 3734 537 3852 eqprnpinquere
556 3733 618 3786 loeis
632 3734 701 3799 illie,
719 3733 753 3786 ed
764 3751 837 3804 opem
853 3733 905 3785 tuin
918 3733 1059 3786 serendam.
1094 3733 1147 3786 Ubi
1159 3732 1184 3786 ei
1198 3733 1313 3786 enimsd-

211 3799 337 3864 verteris,
364 3819 453 3865 ocmn,
470 3819 496 3855 nn
512 3819 563 3872 quo
576 3801 682 3856 tendent
694 3802 851 3866 adversarii,
867 3811 977 3854 montem
988 3803 1086 3855 bebere
1101 3810 1147 3855 eut
1157 3801 1314 3873 crepidinem

209 3865 322 3933 editam,
339 3877 491 3940 aptamque,
509 3879 538 3924 ut
551 3870 612 3924 inde
627 3880 705 3924 noctu
719 3871 884 3941 aggrediens
896 3871 997 3952 poesie,
1015 3873 1050 3924 nd
1064 3873 1115 3924 boe
1126 3877 1235 3932 mentem
1250 3888 1313 3924 eon-

210 3943 307 3992 verten.
341 3940 442 4006 Atque,
460 3949 597 4009 perspectu
614 3941 680 3994 bene
701 3949 793 3994 nature
814 3939 878 4002 Ιοοί,
896 3939 941 3992 ille
958 3940 1061 3993 edintus
1075 3956 1131 3993 curn
1145 3940 1313 4010 pedestribus

207 4003 419 4074 equestribusque
440 4007 522 4076 eopiis
542 4008 665 4078 praelium
683 4008 805 4062 institues
820 4006 950 4061 adversus'
962 4009 1020 4061 illos
1035 4018 1128 4073 noctu,
1145 4007 1311 4078 quemsdmo·

208 4073 267 4128 dnm
280 4074 306 4126 in
321 4075 407 4143 eapite
418 4073 451 4128 de
465 4075 626 4131 dimicatione
637 4087 760 4132 nocturne
772 4079 841 4132 infre
855 4077 1080 4134 demonstrabitur.
1113 4078 1157 4130 Ite
1173 4079 1311 4131 vehemen-

206 4147 249 4195 ter
268 4143 325 4196 illor
343 4143 449 4196 vexabis
461 4150 488 4196 et
498 4147 670 4214 perterrebie‚
688 4146 840 4217 efficiesque
852 4152 882 4205 ut
896 4147 957 4201 inde
969 4148 1102 4201 reoedent.
1137 4145 1214 4209 Quod
1230 4144 1253 4197 si
1267 4145 1311 4198 ni-

202 4208 339 4264 hilominus
361 4219 512 4282 permanent
536 4213 646 4279 ibidem,
676 4215 866 4289 diligenterque
887 4233 946 4269 neee
966 4215 1114 4269 melodient
1139 4231 1170 4268 ne
1192 4219 1307 4279 tuentur,

204 4279 344 4352 voluntque
364 4279 474 4338 soruteri
493 4289 607 4352 montes,
623 4285 759 4357 inquibus
773 4286 939 4358 rseepteenle
951 4286 1066 4340 motione
1077 4283 1160 4358 plebis
1169 4290 1246 4350 sont,
1261 4282 1310 4336 de
